{"topic":"orderbook.500.BTCUSDT","type":"snapshot","ts":1732665601086,"data":{"s":"BTCUSDT","b":[["92037.60","4.563"],["92037.50","0.152"],["92037.30","0.430"],["92036.60","0.001"],["92036.50","0.375"],["92036.40","0.420"],["92036.00","0.093"],["92035.70","0.001"],["92034.90","0.420"],["92034.70","0.001"],["92034.60","0.646"],["92034.50","0.925"],["92034.20","0.032"],["92033.90","0.016"],["92033.80","0.001"],["92033.60","0.043"],["92033.10","0.016"],["92032.90","0.033"],["92032.80","0.032"],["92032.60","0.016"],["92032.50","0.548"],["92032.00","0.471"],["92031.60","0.016"],["92031.50","0.016"],["92031.40","0.016"],["92031.30","0.032"],["92031.20","0.129"],["92031.10","0.001"],["92031.00","0.016"],["92030.90","0.505"],["92030.80","0.016"],["92030.70","0.016"],["92030.60","0.048"],["92030.50","0.420"],["92030.40","0.172"],["92030.30","0.360"],["92030.20","0.484"],["92030.10","0.033"],["92030.00","1.119"],["92029.90","0.156"],["92029.80","0.616"],["92029.70","0.537"],["92029.60","0.043"],["92029.40","0.016"],["92029.30","0.001"],["92029.10","0.002"],["92029.00","0.054"],["92028.70","0.016"],["92028.60","0.032"],["92028.50","0.016"],["92028.40","0.016"],["92028.30","0.001"],["92028.20","0.016"],["92028.10","0.032"],["92028.00","0.051"],["92027.90","0.032"],["92027.80","0.086"],["92027.40","0.017"],["92027.20","0.059"],["92027.00","0.015"],["92026.80","0.002"],["92026.70","0.022"],["92026.50","0.016"],["92026.40","0.001"],["92026.30","1.382"],["92026.20","0.032"],["92025.80","0.163"],["92025.70","1.211"],["92025.60","1.290"],["92025.50","0.060"],["92025.00","0.019"],["92024.80","0.043"],["92024.70","0.016"],["92024.60","0.001"],["92024.50","0.016"],["92024.40","0.102"],["92024.00","0.050"],["92023.90","0.066"],["92023.80","0.044"],["92023.70","0.085"],["92023.60","0.038"],["92023.50","0.033"],["92023.40","0.082"],["92023.20","0.043"],["92023.00","0.016"],["92022.90","0.016"],["92022.80","0.033"],["92022.40","0.016"],["92022.20","0.092"],["92022.00","0.060"],["92021.80","0.001"],["92021.70","0.076"],["92021.20","0.492"],["92021.00","0.086"],["92020.90","1.426"],["92020.80","0.043"],["92020.60","0.059"],["92020.00","0.052"],["92019.30","0.076"],["92019.10","0.093"],["92019.00","0.055"],["92018.90","0.054"],["92018.80","0.016"],["92018.60","0.022"],["92018.50","0.065"],["92018.40","0.054"],["92018.30","0.130"],["92018.20","1.760"],["92018.10","1.087"],["92017.90","0.217"],["92017.60","0.088"],["92017.30","0.016"],["92017.10","0.025"],["92016.90","0.001"],["92016.80","0.015"],["92016.70","0.178"],["92016.60","0.063"],["92016.50","0.008"],["92016.40","0.076"],["92016.30","0.001"],["92016.20","1.425"],["92016.10","0.002"],["92016.00","0.212"],["92015.90","0.054"],["92015.80","0.016"],["92015.30","0.493"],["92015.20","0.030"],["92015.10","0.008"],["92015.00","0.045"],["92014.80","0.150"],["92014.50","0.367"],["92014.40","0.092"],["92014.20","0.087"],["92014.00","0.010"],["92013.90","1.087"],["92013.80","0.975"],["92013.60","0.056"],["92013.50","0.098"],["92013.20","0.079"],["92013.10","0.015"],["92013.00","0.525"],["92012.70","0.163"],["92012.60","0.095"],["92012.50","0.011"],["92012.00","0.050"],["92011.90","0.002"],["92011.80","0.374"],["92011.50","1.491"],["92011.10","0.001"],["92011.00","0.076"],["92010.80","0.088"],["92010.70","0.010"],["92010.60","0.076"],["92010.40","0.001"],["92010.00","0.001"],["92009.80","0.396"],["92009.70","0.030"],["92009.50","0.108"],["92009.10","0.055"],["92009.00","2.812"],["92008.90","2.233"],["92008.80","0.160"],["92008.40","0.002"],["92008.30","0.375"],["92008.20","0.057"],["92008.00","0.094"],["92007.80","0.009"],["92007.40","0.018"],["92007.30","0.030"],["92007.10","0.762"],["92006.80","1.725"],["92006.70","0.002"],["92006.60","0.081"],["92006.50","0.008"],["92006.40","0.054"],["92006.30","0.054"],["92005.90","0.054"],["92005.80","0.801"],["92005.60","0.054"],["92005.50","0.001"],["92005.40","0.064"],["92005.30","0.768"],["92005.20","0.039"],["92005.10","1.112"],["92005.00","0.354"],["92004.80","0.054"],["92004.60","0.776"],["92004.10","0.746"],["92003.80","1.115"],["92003.60","0.375"],["92003.40","0.001"],["92002.70","2.303"],["92002.50","0.130"],["92002.30","0.435"],["92002.20","0.011"],["92002.00","0.108"],["92001.90","1.425"],["92001.60","0.001"],["92001.50","0.011"],["92001.40","0.011"],["92001.20","0.003"],["92001.10","0.019"],["92001.00","0.001"],["92000.90","0.135"],["92000.80","1.087"],["92000.50","0.165"],["92000.40","0.366"],["92000.30","0.822"],["92000.00","2.648"],["91999.80","0.001"],["91999.70","0.001"],["91999.60","0.054"],["91999.50","1.795"],["91999.40","0.597"],["91999.30","0.001"],["91999.20","0.045"],["91999.10","0.054"],["91999.00","0.054"],["91998.90","0.375"],["91998.80","0.055"],["91998.60","0.054"],["91998.50","0.854"],["91998.40","0.055"],["91998.10","0.081"],["91998.00","0.029"],["91997.90","0.527"],["91997.80","0.054"],["91997.70","0.663"],["91997.60","0.464"],["91997.50","0.665"],["91997.40","0.054"],["91997.30","0.054"],["91997.10","1.428"],["91996.60","0.001"],["91996.20","0.095"],["91996.00","0.051"],["91995.90","1.087"],["91995.70","0.498"],["91995.20","0.228"],["91994.70","0.054"],["91994.20","0.377"],["91993.90","1.631"],["91993.80","1.488"],["91993.30","0.001"],["91993.00","0.010"],["91992.90","0.108"],["91992.80","0.461"],["91992.60","0.054"],["91992.40","1.425"],["91992.30","0.022"],["91992.00","0.001"],["91991.80","0.005"],["91991.70","0.746"],["91991.50","1.087"],["91991.20","1.383"],["91991.00","0.606"],["91990.90","0.002"],["91990.80","0.001"],["91990.70","0.001"],["91990.60","0.001"],["91990.50","0.002"],["91990.30","0.005"],["91990.10","0.064"],["91990.00","0.004"],["91989.80","0.012"],["91989.60","0.056"],["91989.50","0.377"],["91989.30","0.010"],["91989.10","0.757"],["91989.00","0.001"],["91988.90","0.011"],["91988.80","0.746"],["91988.70","0.003"],["91988.50","1.601"],["91988.30","0.013"],["91988.20","0.108"],["91988.10","1.223"],["91988.00","0.027"],["91987.90","0.054"],["91987.80","0.106"],["91987.70","1.425"],["91987.60","0.003"],["91987.40","0.001"],["91987.30","0.459"],["91986.80","0.049"],["91986.60","0.005"],["91986.50","0.130"],["91986.30","0.470"],["91986.20","0.044"],["91986.00","0.122"],["91985.90","1.222"],["91985.70","1.844"],["91985.60","0.231"],["91985.30","0.003"],["91984.80","0.536"],["91984.40","0.026"],["91984.30","0.011"],["91984.20","0.495"],["91984.00","0.003"],["91983.90","0.001"],["91983.80","0.005"],["91983.70","0.011"],["91983.60","0.001"],["91983.50","0.176"],["91983.20","0.065"],["91983.10","0.054"],["91983.00","1.425"],["91982.90","0.001"],["91982.80","1.493"],["91982.40","0.011"],["91982.30","0.001"],["91981.80","0.746"],["91981.70","0.081"],["91981.60","0.829"],["91981.20","0.130"],["91981.10","1.408"],["91981.00","1.087"],["91980.80","0.002"],["91980.10","0.381"],["91980.00","0.141"],["91979.40","0.686"],["91979.20","0.220"],["91979.00","0.031"],["91978.80","0.108"],["91978.50","0.130"],["91978.30","1.425"],["91978.20","0.001"],["91978.10","0.163"],["91977.90","0.054"],["91977.80","0.001"],["91977.60","0.099"],["91977.40","0.150"],["91977.00","0.011"],["91976.90","0.369"],["91976.80","0.054"],["91976.70","1.825"],["91976.60","1.087"],["91976.50","0.003"],["91976.20","0.027"],["91976.10","0.130"],["91975.90","0.072"],["91975.80","0.205"],["91975.50","0.135"],["91975.40","0.381"],["91975.30","0.012"],["91975.00","0.181"],["91974.80","0.182"],["91974.40","0.226"],["91974.20","0.010"],["91974.10","0.313"],["91973.90","0.003"],["91973.80","0.191"],["91973.60","1.748"],["91973.50","0.200"],["91973.40","1.350"],["91973.30","0.118"],["91972.90","0.011"],["91972.50","0.010"],["91972.30","0.001"],["91972.20","0.369"],["91972.10","0.469"],["91971.60","0.182"],["91971.40","0.150"],["91971.00","0.315"],["91970.90","0.150"],["91970.70","0.374"],["91970.60","0.315"],["91970.40","0.071"],["91970.10","0.001"],["91970.00","0.413"],["91969.70","1.195"],["91969.40","0.108"],["91969.10","0.054"],["91969.00","0.202"],["91968.90","1.425"],["91968.20","0.003"],["91967.80","0.032"],["91967.70","0.226"],["91967.60","3.633"],["91967.50","0.369"],["91967.30","0.076"],["91966.90","0.130"],["91966.80","1.261"],["91966.50","0.009"],["91966.40","0.458"],["91966.20","0.457"],["91966.00","0.537"],["91965.30","1.087"],["91965.20","1.956"],["91965.10","0.002"],["91964.70","0.109"],["91964.50","0.200"],["91964.40","0.055"],["91964.20","1.425"],["91963.90","0.055"],["91963.70","0.115"],["91963.60","0.002"],["91963.50","0.980"],["91963.20","0.152"],["91963.10","0.001"],["91962.80","0.595"],["91962.40","0.002"],["91961.80","2.166"],["91961.70","0.341"],["91961.60","0.108"],["91961.50","0.003"],["91961.40","0.448"],["91961.30","0.385"],["91961.00","0.459"],["91960.90","0.004"],["91960.80","0.003"],["91960.60","0.003"],["91960.40","1.090"],["91960.00","0.383"],["91959.90","0.003"],["91959.80","0.001"],["91959.50","1.425"],["91959.40","0.274"],["91959.20","0.001"],["91959.00","0.001"],["91958.40","0.550"],["91958.10","0.369"],["91957.90","0.130"],["91957.60","0.550"],["91956.70","1.277"],["91956.60","0.541"],["91956.30","0.001"],["91956.10","0.767"],["91956.00","0.020"],["91955.40","0.001"],["91955.30","0.108"],["91955.20","0.001"],["91955.10","0.002"],["91954.80","1.425"],["91954.50","0.054"],["91954.30","0.058"],["91954.20","0.980"],["91954.00","0.004"],["91953.40","0.368"],["91953.30","0.011"],["91953.20","0.002"],["91953.10","0.121"],["91952.80","0.265"],["91952.00","0.011"],["91951.90","0.378"],["91951.70","2.478"],["91951.60","1.087"],["91951.20","0.001"],["91950.90","0.011"],["91950.70","0.001"],["91950.60","0.141"],["91950.40","0.019"],["91950.30","0.221"],["91950.20","0.011"],["91950.10","1.436"],["91950.00","0.092"],["91949.90","0.011"],["91949.60","0.011"],["91949.40","0.001"],["91949.10","0.002"],["91948.70","0.368"],["91948.40","0.445"],["91948.10","0.001"],["91948.00","0.011"],["91947.40","0.448"],["91947.20","0.383"],["91946.90","0.076"],["91946.80","0.163"],["91946.70","0.130"],["91946.60","0.150"],["91946.20","0.005"],["91946.10","0.001"],["91945.50","0.010"],["91945.40","1.425"],["91945.30","0.001"],["91945.20","0.001"],["91945.10","0.054"],["91944.90","0.980"],["91944.80","0.001"],["91944.20","0.150"],["91944.00","0.424"],["91943.90","0.010"],["91943.80","0.653"],["91943.60","0.002"],["91943.50","0.151"],["91943.30","0.016"],["91943.00","0.011"],["91942.50","0.379"],["91942.40","0.002"],["91942.20","0.010"],["91941.70","0.130"],["91941.50","0.001"],["91941.00","0.053"],["91940.80","0.001"],["91940.70","1.425"],["91940.60","0.088"],["91940.50","0.200"],["91940.00","0.003"],["91939.30","0.368"],["91939.00","0.007"]],"a":[["92037.70","3.174"],["92038.00","0.054"],["92039.00","0.125"],["92039.10","0.054"],["92039.30","0.001"],["92040.00","0.043"],["92040.50","0.316"],["92041.10","0.001"],["92041.80","0.054"],["92042.00","0.055"],["92042.20","0.001"],["92042.40","0.097"],["92042.60","0.054"],["92042.80","0.054"],["92042.90","0.109"],["92043.00","0.043"],["92043.10","0.054"],["92043.20","0.560"],["92043.30","0.140"],["92043.40","0.086"],["92043.50","0.048"],["92043.60","0.124"],["92043.80","0.016"],["92043.90","0.001"],["92044.00","0.093"],["92044.10","0.054"],["92044.30","0.064"],["92044.40","0.016"],["92044.50","0.086"],["92044.60","0.048"],["92044.80","0.151"],["92044.90","0.118"],["92045.00","0.096"],["92045.10","0.080"],["92045.20","0.221"],["92045.30","0.128"],["92045.40","0.032"],["92045.50","0.080"],["92045.60","0.285"],["92045.70","0.001"],["92045.80","0.017"],["92045.90","0.062"],["92046.00","0.626"],["92046.30","0.016"],["92046.40","0.064"],["92046.50","0.054"],["92046.60","0.023"],["92046.70","0.022"],["92046.80","0.086"],["92046.90","0.038"],["92047.00","0.001"],["92047.10","0.075"],["92047.30","0.048"],["92047.40","0.059"],["92047.50","0.016"],["92047.60","0.017"],["92047.80","0.122"],["92047.90","0.016"],["92048.00","0.130"],["92048.10","0.048"],["92048.20","0.086"],["92048.30","0.048"],["92048.50","0.002"],["92048.60","0.026"],["92048.80","0.075"],["92048.90","0.016"],["92049.10","0.001"],["92049.20","0.493"],["92049.40","0.017"],["92049.50","0.032"],["92049.60","0.017"],["92049.70","0.006"],["92049.80","0.032"],["92049.90","0.032"],["92050.00","0.326"],["92050.10","0.016"],["92050.30","0.049"],["92050.40","0.070"],["92050.60","0.016"],["92050.70","0.002"],["92050.80","0.017"],["92050.90","0.016"],["92051.10","0.747"],["92051.20","1.444"],["92051.30","0.054"],["92051.50","0.285"],["92051.60","0.086"],["92051.70","0.748"],["92051.80","1.425"],["92052.20","0.001"],["92052.30","0.016"],["92052.40","0.013"],["92052.80","0.157"],["92053.10","0.001"],["92053.40","0.006"],["92053.50","0.043"],["92053.80","0.225"],["92054.00","0.100"],["92054.10","0.016"],["92054.20","0.211"],["92054.30","0.312"],["92054.40","1.119"],["92054.60","0.054"],["92054.70","0.412"],["92054.80","0.118"],["92054.90","0.048"],["92055.00","0.112"],["92055.30","0.022"],["92055.40","0.054"],["92055.50","0.024"],["92055.60","0.022"],["92055.90","0.430"],["92056.00","0.310"],["92056.10","0.022"],["92056.20","0.433"],["92056.30","1.642"],["92056.40","0.001"],["92056.50","1.425"],["92056.70","0.054"],["92056.80","0.039"],["92056.90","0.032"],["92057.00","0.598"],["92057.30","0.761"],["92057.40","0.300"],["92057.80","0.240"],["92057.90","0.099"],["92058.20","0.747"],["92058.60","0.001"],["92059.00","1.096"],["92059.10","0.003"],["92059.20","0.015"],["92059.40","0.003"],["92059.50","0.111"],["92059.60","0.126"],["92059.70","0.010"],["92059.90","0.001"],["92060.00","0.688"],["92060.30","0.001"],["92060.50","0.040"],["92060.70","2.625"],["92060.80","0.450"],["92061.00","0.001"],["92061.40","0.790"],["92061.50","0.747"],["92061.60","0.747"],["92061.70","0.361"],["92061.80","0.001"],["92062.30","0.001"],["92062.90","0.014"],["92063.20","0.005"],["92063.40","1.494"],["92063.50","1.087"],["92063.60","0.004"],["92063.70","1.027"],["92063.80","0.746"],["92064.00","0.205"],["92064.10","1.426"],["92064.20","0.110"],["92064.40","0.325"],["92064.50","0.004"],["92064.60","0.002"],["92065.00","0.065"],["92065.10","0.072"],["92065.30","0.002"],["92065.40","0.054"],["92065.50","2.274"],["92065.60","0.001"],["92065.80","0.001"],["92065.90","0.077"],["92066.00","0.001"],["92066.20","0.066"],["92066.30","0.033"],["92066.80","0.067"],["92066.90","0.054"],["92067.10","0.166"],["92067.30","0.339"],["92067.40","0.013"],["92067.50","0.746"],["92067.60","0.339"],["92067.80","0.460"],["92067.90","0.227"],["92068.30","1.096"],["92068.40","0.590"],["92068.50","0.009"],["92068.60","0.133"],["92068.70","0.662"],["92068.80","1.425"],["92068.90","0.108"],["92069.00","0.314"],["92069.70","0.039"],["92070.00","0.065"],["92070.10","0.305"],["92070.20","0.023"],["92070.40","0.022"],["92070.50","0.044"],["92070.60","0.022"],["92071.00","0.012"],["92071.60","0.001"],["92071.70","0.022"],["92072.30","0.001"],["92072.50","0.459"],["92073.10","0.371"],["92073.20","0.375"],["92073.30","0.009"],["92073.60","0.108"],["92073.70","0.002"],["92074.10","0.211"],["92074.20","1.609"],["92074.30","1.100"],["92074.50","0.001"],["92074.60","0.054"],["92074.70","0.054"],["92074.80","1.426"],["92075.00","0.505"],["92075.10","0.054"],["92075.20","0.244"],["92075.30","0.011"],["92075.50","1.233"],["92075.60","0.011"],["92075.70","0.011"],["92075.80","0.001"],["92075.90","0.058"],["92076.00","0.011"],["92076.20","0.747"],["92076.80","0.010"],["92077.00","0.005"],["92077.30","0.001"],["92077.80","0.561"],["92077.90","0.376"],["92078.00","0.001"],["92078.20","0.005"],["92078.30","0.567"],["92078.90","0.038"],["92079.10","0.752"],["92079.30","0.054"],["92079.40","0.001"],["92079.60","1.529"],["92079.70","1.425"],["92080.40","0.090"],["92080.60","1.600"],["92080.90","0.463"],["92081.10","0.003"],["92081.30","0.003"],["92081.40","0.240"],["92081.50","0.021"],["92081.70","1.094"],["92082.00","0.021"],["92082.20","0.163"],["92082.40","0.285"],["92082.50","0.368"],["92082.60","0.376"],["92082.80","0.002"],["92083.10","0.130"],["92083.30","0.459"],["92083.80","0.001"],["92084.00","0.055"],["92084.10","0.054"],["92084.20","0.158"],["92084.40","1.426"],["92085.00","0.001"],["92085.20","0.077"],["92085.30","0.011"],["92085.60","0.054"],["92085.70","1.088"],["92085.80","0.001"],["92086.60","0.063"],["92086.90","0.226"],["92087.00","0.065"],["92087.20","0.373"],["92087.30","0.659"],["92087.70","1.580"],["92088.00","0.100"],["92088.10","0.038"],["92088.50","0.459"],["92088.60","0.001"],["92088.70","0.054"],["92088.90","0.135"],["92089.00","0.044"],["92089.90","0.002"],["92090.10","0.147"],["92090.20","0.005"],["92090.30","0.054"],["92091.50","1.634"],["92091.80","1.350"],["92091.90","0.533"],["92092.00","1.804"],["92092.10","1.612"],["92092.20","0.030"],["92092.30","0.081"],["92092.60","0.135"],["92092.70","1.143"],["92092.90","0.018"],["92093.00","0.002"],["92093.20","0.526"],["92093.30","0.227"],["92093.40","0.054"],["92093.70","0.001"],["92094.40","0.294"],["92094.50","0.077"],["92094.60","0.001"],["92094.80","0.001"],["92094.90","0.005"],["92095.00","0.130"],["92095.60","0.255"],["92095.70","2.166"],["92095.80","0.003"],["92096.00","0.020"],["92096.50","0.054"],["92096.60","2.207"],["92096.70","1.847"],["92097.10","1.337"],["92097.20","1.087"],["92097.30","0.051"],["92097.80","0.001"],["92098.10","0.135"],["92098.60","0.005"],["92098.70","0.025"],["92098.90","0.494"],["92099.00","0.001"],["92099.40","0.686"],["92099.60","0.108"],["92099.90","0.010"],["92100.00","0.020"],["92100.20","0.019"],["92100.30","0.255"],["92100.40","0.375"],["92100.90","0.130"],["92101.00","0.002"],["92101.30","2.521"],["92101.40","1.803"],["92101.80","0.098"],["92101.90","1.250"],["92102.00","1.385"],["92102.20","0.240"],["92102.40","0.001"],["92102.60","0.217"],["92102.80","0.054"],["92102.90","0.001"],["92103.80","0.076"],["92104.10","0.424"],["92104.20","0.065"],["92104.40","0.424"],["92104.60","0.011"],["92104.90","0.001"],["92105.50","0.003"],["92105.60","1.217"],["92105.90","4.262"],["92106.00","0.367"],["92106.10","0.678"],["92106.30","0.462"],["92106.40","2.325"],["92106.50","0.039"],["92107.00","0.011"],["92107.20","0.011"],["92108.00","0.001"],["92108.10","8.375"],["92108.40","0.021"],["92108.90","1.425"],["92109.40","0.054"],["92110.10","0.002"],["92110.30","1.088"],["92110.40","0.065"],["92110.70","0.367"],["92110.80","0.374"],["92110.90","0.130"],["92111.50","0.001"],["92111.60","0.001"],["92111.70","0.135"],["92111.80","0.002"],["92112.10","0.001"],["92112.70","0.075"],["92112.80","0.463"],["92112.90","0.852"],["92113.00","0.001"],["92113.10","0.077"],["92113.20","0.001"],["92113.40","0.003"],["92113.70","0.011"],["92113.80","0.011"],["92113.90","0.013"],["92114.00","0.202"],["92114.10","0.022"],["92114.20","0.326"],["92114.70","0.011"],["92115.00","0.180"],["92115.40","0.366"],["92115.50","0.374"],["92115.60","1.087"],["92115.70","1.148"],["92116.20","0.001"],["92116.40","0.003"],["92116.50","0.161"],["92117.70","0.003"],["92118.00","1.425"],["92119.20","0.002"],["92120.00","0.011"],["92120.10","1.675"],["92120.20","1.085"],["92120.70","0.013"],["92120.80","0.001"],["92121.30","0.001"],["92122.40","0.002"],["92122.50","0.369"],["92122.70","1.501"],["92122.80","1.087"],["92123.60","0.441"],["92123.90","0.108"],["92124.00","0.001"],["92124.10","0.011"],["92124.30","0.011"],["92124.50","0.011"],["92124.80","0.366"],["92124.90","0.416"],["92125.00","1.098"],["92125.20","0.479"],["92125.40","0.001"],["92125.70","0.231"],["92125.80","0.001"],["92126.20","0.014"],["92126.50","0.285"],["92127.00","0.001"],["92127.30","0.002"],["92127.40","1.892"],["92127.50","0.001"],["92127.60","1.087"],["92127.70","0.013"],["92128.20","0.002"],["92128.30","0.002"],["92128.80","0.002"],["92128.90","0.026"],["92129.00","0.001"],["92129.50","0.366"],["92129.60","0.378"],["92129.80","0.001"],["92130.00","0.002"],["92130.10","0.001"],["92130.40","0.027"],["92130.50","1.350"],["92130.70","0.136"],["92131.40","0.001"],["92131.60","0.130"],["92131.70","0.291"],["92132.00","0.006"],["92132.10","1.425"],["92132.70","0.002"],["92133.00","0.001"],["92133.20","0.076"],["92133.30","0.877"],["92133.90","0.084"],["92134.00","0.001"],["92134.10","0.138"],["92134.30","1.360"],["92134.50","0.010"],["92134.60","0.002"],["92134.70","0.028"],["92134.80","0.001"],["92135.10","0.028"],["92135.30","0.001"],["92135.70","0.695"],["92135.80","0.001"],["92136.00","0.002"],["92136.30","0.018"],["92136.40","0.130"],["92136.50","0.300"],["92136.80","1.425"],["92137.00","0.001"],["92137.30","0.496"],["92137.40","3.801"],["92137.60","0.001"],["92137.80","2.004"],["92137.90","0.005"],["92138.00","0.003"],["92138.20","0.002"],["92138.90","0.004"],["92139.00","0.376"],["92139.10","0.019"],["92139.20","0.001"],["92139.40","0.002"],["92140.00","0.014"],["92140.10","0.001"],["92140.30","0.053"],["92140.40","0.001"],["92140.80","0.100"],["92141.50","1.426"],["92141.70","0.050"],["92141.90","0.007"],["92142.50","0.001"],["92142.60","1.171"],["92142.80","0.031"],["92142.90","0.001"],["92143.20","2.104"],["92143.30","0.038"],["92143.50","0.163"],["92143.60","0.980"],["92143.70","0.376"],["92143.80","0.001"],["92144.00","0.013"],["92144.10","0.461"],["92144.20","0.690"],["92144.30","0.001"]],"u":17050225,"seq":282093450028},"cts":1732665600983}
{"topic":"orderbook.500.BTCUSDT","type":"delta","ts":1732665601088,"data":{"s":"BTCUSDT","b":[["92037.60","4.606"],["92026.30","0.016"],["92023.80","0"],["92018.40","0.097"],["92016.80","0.058"],["92014.40","0.135"],["92014.10","0.044"],["92013.60","0"],["92012.80","0.056"],["92012.50","0"],["92011.90","0"],["92011.40","0.002"],["92006.70","0"],["92006.50","0"],["92005.70","0.002"],["92003.70","0.002"],["92001.20","0.001"],["92001.00","0.003"],["91998.50","0.054"],["91993.00","0.005"],["91992.70","0.005"],["91991.80","0"],["91989.90","0.005"],["91988.90","0"],["91988.30","0.002"],["91986.60","0"],["91984.90","0.005"],["91979.00","0.014"],["91977.60","0.001"],["91976.20","0.125"],["91957.10","0.025"],["91956.10","0.761"],["91940.50","0.074"]],"a":[["92040.00","0"],["92050.60","1.103"],["92051.20","1.455"],["92054.00","0.083"],["92056.80","0.076"],["92059.20","0.058"],["92061.60","0.790"],["92063.30","0.056"],["92063.50","1.091"],["92063.60","0"],["92065.00","0.011"],["92065.30","0"],["92069.90","0.315"],["92074.30","1.096"],["92079.10","1.067"],["92083.20","0.315"],["92086.90","0.231"],["92087.10","0.005"],["92087.20","0.368"],["92088.90","0.130"],["92089.90","0"],["92090.00","0.007"],["92090.20","0"],["92094.30","0.005"],["92094.90","0"],["92104.20","0.075"],["92108.40","0.011"],["92110.30","1.087"],["92128.80","0"],["92129.40","0.002"]],"u":17050226,"seq":282093450142},"cts":1732665601085}
{"topic":"orderbook.500.BTCUSDT","type":"delta","ts":1732665601185,"data":{"s":"BTCUSDT","b":[["92037.60","4.564"],["92036.50","1.348"],["92032.60","0.027"],["92031.00","1.485"],["92029.10","0"],["92025.80","1.114"],["92024.20","0.008"],["92022.50","0.095"],["92021.10","0.011"],["92012.90","0.002"],["92012.80","0"],["92012.10","0.056"],["92011.80","0.156"],["92011.40","0"],["92008.90","2.231"],["92008.80","0.162"],["92005.70","0"],["92003.70","0"],["92002.60","0.002"],["91999.60","0.062"],["91996.20","0"],["91993.00","0"],["91992.70","0"],["91990.30","0"],["91990.20","0.005"],["91988.30","0.007"],["91987.40","0.006"],["91984.90","0"],["91983.80","0.010"],["91977.00","0.013"],["91975.50","0.147"],["91975.30","0.024"],["91974.80","0.192"],["91971.00","0"],["91959.10","0.100"],["91957.90","0.445"],["91940.50","0.200"],["91938.80","0.151"],["91938.00","0.038"],["91937.80","0.378"]],"a":[["92046.00","0.924"],["92052.80","0.062"],["92055.70","0.008"],["92056.80","0.082"],["92060.50","0.083"],["92061.70","0.365"],["92061.80","0.044"],["92063.50","1.087"],["92064.20","0.114"],["92064.50","0"],["92067.90","0.231"],["92068.40","0.586"],["92068.90","0.112"],["92075.50","0.011"],["92077.70","1.227"],["92078.20","0"],["92086.50","0.010"],["92086.90","0.226"],["92087.10","0"],["92088.00","0.105"],["92088.60","0.003"],["92088.80","0.005"],["92090.00","0"],["92091.50","1.629"],["92093.10","0.005"],["92094.30","0"],["92101.90","1.260"],["92104.20","0.065"]],"u":17050227,"seq":282093450276},"cts":1732665601183}
{"topic":"orderbook.500.BTCUSDT","type":"delta","ts":1732665601285,"data":{"s":"BTCUSDT","b":[["92037.60","4.614"],["92024.20","0"],["92023.70","0.093"],["92016.50","0.038"],["92016.40","0.106"],["92015.30","0"],["92013.70","0.005"],["92013.50","0.101"],["92013.20","0.085"],["92013.10","0.018"],["92013.00","0.528"],["92012.90","0"],["92009.80","0.366"],["92009.70","0"],["92008.90","2.233"],["92008.80","0.160"],["92007.30","0.009"],["92006.70","0.002"],["92004.00","0.002"],["92002.60","0"],["92001.20","0.003"],["92001.00","0.001"],["91990.20","0"],["91989.90","0.010"],["91988.30","0.002"],["91987.90","0.059"],["91987.40","0.001"],["91986.90","0.005"],["91983.80","0"],["91983.30","0.005"],["91981.90","0.005"],["91976.80","0.064"],["91974.80","0.182"],["91959.10","0"],["91957.10","0"],["91937.70","0.012"],["91937.50","0.076"],["91937.00","0.001"]],"a":[["92037.70","2.769"],["92039.00","0.190"],["92039.90","0.315"],["92043.20","0.964"],["92044.70","1.087"],["92055.20","0.043"],["92055.40","0.062"],["92055.70","0"],["92061.60","0.794"],["92061.70","0.361"],["92061.80","0.087"],["92063.90","0.004"],["92064.20","0.110"],["92065.00","0.009"],["92065.30","0.002"],["92067.40","0.017"],["92067.90","0.227"],["92077.70","1.222"],["92078.80","0.005"],["92081.50","0"],["92085.60","0.059"],["92086.50","0.005"],["92088.40","0.005"],["92088.60","0.001"],["92088.80","0.002"],["92091.20","0.030"],["92091.30","0.030"],["92091.70","0.005"],["92092.10","1.582"],["92092.20","0"],["92093.10","0"],["92143.70","0"],["92143.80","0"],["92144.00","0"],["92144.10","0"],["92144.20","0"],["92144.30","0"]],"u":17050228,"seq":282093450390},"cts":1732665601281}
{"topic":"orderbook.500.BTCUSDT","type":"delta","ts":1732665601385,"data":{"s":"BTCUSDT","b":[["92037.60","4.628"],["92025.60","1.277"],["92023.70","0.085"],["92023.20","0.536"],["92021.30","0.008"],["92013.70","0.002"],["92013.50","0.098"],["92013.20","0.082"],["92013.00","0.525"],["92005.10","1.769"],["92004.00","0"],["92001.20","0.001"],["91992.70","1.223"],["91991.80","0.010"],["91989.90","0.005"],["91988.70","0"],["91988.10","0"],["91987.90","0.054"],["91986.40","0.005"],["91986.00","0.119"],["91985.30","0"],["91983.30","0"],["91976.50","0"],["91961.50","0"],["91960.40","1.087"],["91957.10","0.030"],["91946.20","0.002"],["91936.90","0.001"],["91936.80","0.163"]],"a":[["92053.30","0.008"],["92055.40","0.054"],["92056.80","0.088"],["92057.00","0.641"],["92059.20","0.055"],["92061.50","0.751"],["92061.60","0.790"],["92063.80","0.750"],["92063.90","0"],["92065.30","0"],["92065.60","0.005"],["92067.40","0.013"],["92068.60","0.130"],["92068.80","1.429"],["92068.90","0.108"],["92075.20","0.238"],["92077.70","0"],["92078.80","0"],["92080.30","1.222"],["92080.90","0.460"],["92085.20","0.082"],["92085.60","0.054"],["92086.80","0.005"],["92088.40","0"],["92088.80","0"],["92090.00","0.007"],["92091.40","0.005"],["92091.70","0"],["92112.80","0.460"],["92113.40","0"],["92116.40","0"],["92143.70","0.376"],["92143.80","0.001"],["92144.00","0.013"],["92144.10","0.461"]],"u":17050229,"seq":282093450530},"cts":1732665601383}
{"topic":"orderbook.500.BTCUSDT","type":"delta","ts":1732665601485,"data":{"s":"BTCUSDT","b":[["92029.10","0.002"],["92022.90","0.024"],["92021.30","0"],["92021.10","0.017"],["92013.20","0.079"],["92013.10","0.071"],["92012.10","0"],["92004.00","0.002"],["92001.20","0.003"],["91991.90","0.005"],["91991.80","0.005"],["91991.10","0.005"],["91989.90","0"],["91987.80","0.111"],["91986.40","0"],["91966.10","0.028"],["91960.80","0"],["91960.60","0"],["91957.10","0.002"],["91936.50","0.108"]],"a":[["92040.50","0.001"],["92042.80","0.369"],["92053.30","0"],["92055.10","0.008"],["92056.80","0.082"],["92058.40","0.086"],["92059.10","0"],["92059.20","0.052"],["92059.40","0"],["92059.50","0.108"],["92060.90","0.004"],["92061.50","0.747"],["92063.30","0"],["92063.60","0.004"],["92063.80","0.746"],["92064.10","1.482"],["92065.00","0.011"],["92068.70","0.666"],["92068.80","1.425"],["92080.30","0"],["92081.10","0"],["92081.30","1.222"],["92081.70","1.088"],["92085.20","0.077"],["92085.50","0.005"],["92088.00","0.100"],["92089.90","0.007"],["92090.00","0.005"],["92091.10","0.005"],["92091.40","0"],["92091.50","0"],["92093.10","1.629"],["92105.50","0"],["92140.00","0.011"],["92144.20","0.690"]],"u":17050230,"seq":282093450659},"cts":1732665601482}
{"topic":"orderbook.500.BTCUSDT","type":"delta","ts":1732665601585,"data":{"s":"BTCUSDT","b":[["92037.60","4.594"],["92029.10","0"],["92025.60","1.263"],["92024.20","0.001"],["92024.00","0.058"],["92022.90","0.016"],["92014.20","0.093"],["92004.90","0.002"],["92004.00","0"],["92001.20","0.001"],["92001.00","0.003"],["91991.70","0.883"],["91987.90","0.059"],["91987.80","0.106"],["91973.80","0.054"]],"a":[["92037.70","2.784"],["92039.00","0.125"],["92055.10","0"],["92056.40","0.009"],["92064.90","0.002"],["92065.00","0.009"],["92070.00","0.597"],["92089.80","0.007"],["92089.90","0.005"],["92090.00","0"],["92091.10","0"],["92091.20","0.035"],["92109.10","0.011"],["92142.60","0.001"]],"u":17050231,"seq":282093450729},"cts":1732665601581}
{"topic":"orderbook.500.BTCUSDT","type":"delta","ts":1732665601685,"data":{"s":"BTCUSDT","b":[["92037.60","4.599"],["92031.80","0.012"],["92029.10","0.002"],["92024.00","0.050"],["92022.00","0.090"],["92021.60","0.011"],["92018.90","0.062"],["92015.20","0"],["92014.20","0.087"],["91999.20","0.002"],["91991.30","0.005"],["91991.10","0"],["91988.00","0.032"],["91987.90","0.054"],["91966.10","0"],["91957.10","0"],["91940.50","0.182"]],"a":[["92037.70","2.264"],["92039.90","0"],["92041.00","0.315"],["92042.80","0.054"],["92042.90","0.424"],["92043.00","0.358"],["92050.70","0.012"],["92051.10","0.755"],["92055.00","0.155"],["92056.40","0.001"],["92064.90","0"],["92065.00","0.011"],["92067.40","0"],["92078.00","0.014"],["92089.70","0.002"],["92089.80","0"],["92090.00","0.005"],["92091.10","1.629"],["92091.20","0.030"],["92091.70","0.005"],["92093.10","0"],["92095.80","0.033"],["92096.70","1.817"],["92109.00","0.011"],["92144.20","0"]],"u":17050232,"seq":282093450957},"cts":1732665601682}
{"topic":"orderbook.500.BTCUSDT","type":"delta","ts":1732665601785,"data":{"s":"BTCUSDT","b":[["92037.60","4.642"],["92036.00","0.136"],["92034.90","0.441"],["92029.50","0.002"],["92029.10","0"],["92028.30","0.012"],["92025.60","1.253"],["92024.40","0.110"],["92022.00","0.060"],["92021.90","0.030"],["92018.90","0.054"],["92016.50","0.008"],["92016.30","0.031"],["92007.80","0.053"],["92001.20","0.003"],["92001.00","0.001"],["91994.00","2.671"],["91993.80","0"],["91993.00","0.005"],["91991.90","0"],["91990.20","0.005"],["91989.90","0.005"],["91988.00","0.027"],["91986.90","0"],["91984.90","0.005"],["91981.90","0"],["91936.80","0"],["91936.50","0"]],"a":[["92037.70","1.291"],["92038.40","0.017"],["92039.00","0"],["92041.00","0"],["92042.40","0.054"],["92042.90","0.109"],["92043.00","0"],["92043.90","0.316"],["92045.80","0.332"],["92051.10","0.747"],["92055.00","0.198"],["92056.80","0.090"],["92060.90","0"],["92063.00","0.020"],["92065.00","0.009"],["92065.30","0.002"],["92068.70","0.662"],["92068.80","1.429"],["92069.90","0"],["92079.10","0.752"],["92083.20","0"],["92085.50","0"],["92086.50","0"],["92087.90","0.005"],["92088.60","0.006"],["92089.70","0"],["92089.80","0.002"],["92089.90","0"],["92090.00","0.325"],["92091.10","0"],["92091.20","0"],["92091.40","0.030"],["92091.70","0"],["92092.60","1.764"],["92094.90","0.005"],["92095.80","0.003"],["92095.90","0.030"],["92101.30","2.531"],["92101.90","1.250"],["92144.20","0.690"],["92144.30","0.001"],["92144.70","0.132"],["92144.90","0.016"],["92145.00","0.003"]],"u":17050233,"seq":282093451486},"cts":1732665601781}
{"topic":"orderbook.500.BTCUSDT","type":"delta","ts":1732665601885,"data":{"s":"BTCUSDT","b":[["92031.90","0.006"],["92029.50","0"],["92028.20","1.441"],["92024.40","0.102"],["92008.00","0.051"],["92007.80","0.009"],["91996.10","1.631"],["91994.80","1.223"],["91993.90","0"],["91992.70","0"],["91991.80","0.010"],["91989.90","0"],["91986.40","0.005"],["91984.90","0"],["91978.50","0.140"],["91976.80","0.054"],["91940.50","0.153"],["91936.80","0.163"]],"a":[["92037.70","0.789"],["92049.20","0"],["92056.80","0.082"],["92061.50","0.751"],["92063.00","0"],["92063.60","0"],["92063.80","0.750"],["92064.10","1.426"],["92065.00","0.066"],["92065.30","0"],["92065.60","0.001"],["92067.50","0"],["92068.80","1.425"],["92068.90","0.112"],["92081.30","0"],["92082.10","1.222"],["92086.80","0"],["92087.20","0.373"],["92087.90","0"],["92088.60","0.001"],["92089.80","0"],["92090.00","0.330"],["92090.20","0.002"],["92091.00","0.005"],["92091.30","0"],["92091.40","0"],["92091.50","0.030"],["92091.60","0.030"],["92092.60","0.135"],["92094.30","1.629"],["92094.90","0"],["92095.30","0.747"],["92095.90","0"],["92096.10","0.030"],["92096.40","0.005"],["92101.30","2.521"],["92101.90","1.260"],["92145.40","0.002"],["92145.60","0.065"],["92145.80","0.076"],["92145.90","0.008"]],"u":17050234,"seq":282093452209},"cts":1732665601881}
{"topic":"orderbook.500.BTCUSDT","type":"delta","ts":1732665601985,"data":{"s":"BTCUSDT","b":[["92037.60","4.805"],["92029.50","0.002"],["92022.10","0.008"],["92014.10","0.046"],["92013.70","0"],["92009.70","0.002"],["92008.90","2.231"],["92008.70","0.002"],["92007.80","0.052"],["92006.70","0"],["92005.00","0.356"],["92004.90","0"],["92001.50","0.013"],["92001.20","0.001"],["91996.10","0"],["91994.80","2.854"],["91994.00","0"],["91992.90","0.113"],["91992.50","0.005"],["91991.80","0.005"],["91990.20","0"],["91986.60","0.005"],["91986.40","0"],["91936.50","0.108"]],"a":[["92037.70","0.793"],["92044.00","0.043"],["92047.60","0.332"],["92051.80","0"],["92054.30","0.320"],["92061.50","0.747"],["92061.70","0.365"],["92063.80","0.746"],["92063.90","0.056"],["92064.10","1.430"],["92065.00","0.009"],["92065.40","0.056"],["92067.60","0.343"],["92068.90","0.108"],["92070.20","0.027"],["92075.10","0"],["92082.10","0"],["92083.00","1.222"],["92084.20","0.050"],["92087.20","0.368"],["92088.40","0.005"],["92089.90","0.012"],["92090.00","0.315"],["92090.20","0"],["92091.00","0"],["92091.40","0.010"],["92091.70","1.629"],["92094.30","0"]],"u":17050235,"seq":282093453170},"cts":1732665601982}
{"topic":"orderbook.500.BTCUSDT","type":"delta","ts":1732665602085,"data":{"s":"BTCUSDT","b":[["92038.30","5.410"],["92037.90","0.276"],["92037.70","2.724"],["92037.60","0.842"],["92037.50","0"],["92036.50","0.375"],["92029.70","0.387"],["92025.30","0.008"],["92022.10","0"],["92021.00","0.097"],["92016.50","0.038"],["92016.30","0.001"],["92014.50","0.423"],["92014.30","0.002"],["92014.10","0.044"],["92013.10","0.015"],["92008.80","0.162"],["92008.70","0"],["92001.50","0.011"],["92001.20","0.003"],["91993.00","0.020"],["91992.90","0.108"],["91992.50","0"],["91991.30","0"],["91987.90","0.059"],["91986.60","0"],["91983.50","0.108"],["91978.50","0.130"],["91976.80","0.064"],["91949.80","0.001"],["91937.00","0"],["91936.10","0.002"]],"a":[["92037.70","0"],["92038.00","0"],["92038.40","0.019"],["92039.00","0.017"],["92044.00","0"],["92044.70","0"],["92044.80","0.065"],["92045.20","0"],["92045.60","0.064"],["92046.50","0.011"],["92047.10","0.074"],["92050.00","0.253"],["92052.20","0.494"],["92054.20","0.098"],["92054.30","0.312"],["92054.90","0.049"],["92056.80","0.081"],["92057.70","0.008"],["92061.70","0.361"],["92063.90","0"],["92064.10","1.426"],["92065.00","0.066"],["92065.40","0.054"],["92066.60","0.221"],["92066.70","0.221"],["92067.60","0.339"],["92068.00","0.004"],["92070.20","0.023"],["92073.30","0.013"],["92084.40","1.425"],["92087.90","0.005"],["92088.40","0"],["92088.90","0.135"],["92089.80","0.007"],["92089.90","0"],["92091.40","0.040"],["92091.60","0"],["92091.70","0"],["92092.80","1.629"],["92096.40","0"],["92096.50","0.059"],["92101.90","1.250"],["92102.60","0"],["92104.90","0.011"],["92110.80","0.482"],["92122.30","0.001"],["92124.60","0.054"],["92146.00","0.189"],["92146.10","0.240"]],"u":17050236,"seq":282093454371},"cts":1732665602083}
{"topic":"orderbook.500.BTCUSDT","type":"delta","ts":1732665602185,"data":{"s":"BTCUSDT","b":[["92043.10","2.468"],["92043.00","0.001"],["92042.40","0.043"],["92042.10","0.001"],["92041.70","0.505"],["92040.00","0.093"],["92039.50","0.043"],["92039.40","0.001"],["92039.10","0.389"],["92038.40","0.001"],["92038.30","0.150"],["92038.00","0.086"],["92037.90","0"],["92037.70","0"],["92037.60","0.574"],["92037.50","0.001"],["92036.70","0.012"],["92036.50","1.370"],["92036.00","0.137"],["92034.80","0.001"],["92032.50","0.398"],["92031.90","0"],["92031.00","1.508"],["92030.90","0.355"],["92030.80","0.233"],["92029.30","0"],["92026.90","0.108"],["92025.80","1.345"],["92025.30","0"],["92023.70","0.084"],["92022.80","0.032"],["92022.50","0"],["92022.20","0.016"],["92020.90","1.425"],["92019.90","0.130"],["92019.70","0.054"],["92019.30","0"],["92019.10","0.092"],["92018.10","1.088"],["92017.90","0"],["92016.80","0.043"],["92016.50","0.010"],["92016.40","0.030"],["92016.30","0.031"],["92014.80","1.293"],["92014.30","0"],["92013.50","0.022"],["92012.40","0.078"],["92011.50","1.448"],["92010.80","0.002"],["92010.60","0"],["92010.20","0.435"],["92009.70","0"],["92009.40","0.078"],["92008.90","1.088"],["92008.80","0.163"],["92005.60","0.706"],["92005.00","0.354"],["92003.40","0.692"],["92002.30","0"],["92002.00","0.162"],["92001.60","0.003"],["92001.20","0.001"],["91997.70","0.011"],["91996.40","1.601"],["91995.30","0.005"],["91994.90","2.803"],["91994.80","0"],["91994.20","0.376"],["91993.10","2.864"],["91993.00","0"],["91992.30","0.021"],["91991.80","0"],["91991.60","0.002"],["91990.90","0"],["91990.50","0.001"],["91990.20","0.005"],["91989.90","0.005"],["91988.90","1.569"],["91988.50","0"],["91987.90","0.054"],["91987.80","0.107"],["91987.60","0"],["91984.90","0.005"],["91983.10","0.055"],["91982.30","0"],["91978.50","0.140"],["91976.80","0.054"],["91972.80","0.980"],["91964.40","0.001"],["91943.60","0"],["91941.10","0.002"],["91939.30","0"],["91939.00","0"],["91938.80","0"],["91938.00","0"],["91937.80","0"],["91937.70","0"],["91937.50","0"],["91936.90","0"],["91936.80","0"],["91936.50","0"],["91936.10","0"]],"a":[["92038.40","0"],["92039.00","0"],["92039.10","0"],["92039.30","0"],["92040.50","0"],["92041.10","0"],["92041.80","0"],["92042.00","0"],["92042.20","0"],["92042.40","0"],["92042.60","0"],["92042.80","0"],["92042.90","0"],["92043.10","0"],["92043.20","3.341"],["92043.80","0.513"],["92043.90","0.315"],["92046.40","0.021"],["92047.40","0.374"],["92048.50","0.001"],["92049.60","0.016"],["92051.70","0.747"],["92052.00","0.315"],["92052.20","0.001"],["92053.40","0"],["92054.20","0.076"],["92055.10","0.001"],["92055.90","0.431"],["92056.50","0.008"],["92056.80","0.082"],["92057.30","2.186"],["92057.70","0.001"],["92058.60","0"],["92059.50","0"],["92060.00","0"],["92060.50","0.082"],["92060.80","0.320"],["92061.20","0.006"],["92061.40","0.747"],["92061.70","0"],["92062.30","0.007"],["92063.50","1.091"],["92063.70","0"],["92063.80","0"],["92065.40","0.056"],["92066.90","0.058"],["92067.60","0.700"],["92067.80","0.001"],["92067.90","0.688"],["92068.00","0"],["92068.50","0.013"],["92070.10","0.309"],["92071.60","1.028"],["92073.10","0.366"],["92073.30","0.009"],["92074.20","1.613"],["92080.60","0"],["92082.90","1.803"],["92083.00","1.330"],["92087.90","0"],["92088.50","2.059"],["92088.90","0.130"],["92089.70","0.007"],["92089.80","0.010"],["92090.20","0.747"],["92091.30","0.005"],["92091.40","0.005"],["92091.60","0.030"],["92092.10","2.192"],["92093.00","0.001"],["92096.40","0.005"],["92096.50","0.054"],["92097.20","1.099"],["92098.50","0.001"],["92104.90","0.001"],["92105.60","1.227"],["92120.70","0.011"],["92125.60","0.002"],["92128.20","0"],["92130.50","1.351"],["92146.50","0.002"],["92146.60","0.315"],["92146.80","0.014"],["92147.00","0.003"],["92147.10","0.195"],["92147.20","0.001"],["92147.40","0.001"],["92147.50","0.002"],["92148.40","0.375"],["92148.50","0.001"],["92148.80","0.001"],["92148.90","0.001"],["92149.00","0.001"],["92149.30","0.002"]],"u":17050237,"seq":282093456258},"cts":1732665602183}
{"topic":"orderbook.500.BTCUSDT","type":"delta","ts":1732665602286,"data":{"s":"BTCUSDT","b":[["92043.10","3.278"],["92043.00","0"],["92042.40","0"],["92042.10","0"],["92041.70","0.225"],["92041.20","0.001"],["92037.60","0.380"],["92036.70","0"],["92036.50","1.320"],["92034.80","0"],["92033.80","0.002"],["92031.00","1.485"],["92030.80","0.016"],["92030.20","0.485"],["92028.00","0.050"],["92026.90","0"],["92026.60","0.006"],["92021.90","0"],["92021.80","0.031"],["92021.40","0.008"],["92021.10","0.011"],["92020.00","0.053"],["92019.90","0"],["92016.50","0.068"],["92016.40","0"],["92016.20","1.455"],["92014.50","0.367"],["92014.20","0.086"],["92014.00","0.066"],["92003.40","1.154"],["91996.10","0.002"],["91995.30","1.223"],["91993.20","1.636"],["91993.10","0.005"],["91992.90","0.113"],["91991.80","0.005"],["91991.60","0"],["91989.90","0"],["91988.90","1.087"],["91986.60","0.005"],["91984.90","0"],["91964.00","0.002"],["91963.60","0"],["91957.10","0.027"],["91956.60","0.550"],["91949.20","0.002"],["91943.00","0.002"],["91942.10","0.001"],["91939.30","0.368"],["91939.00","0.007"]],"a":[["92046.40","0.064"],["92047.00","0"],["92050.40","0.071"],["92050.70","0.072"],["92052.50","0.001"],["92053.80","0.718"],["92055.10","0"],["92055.30","0.030"],["92056.50","0"],["92060.50","0.081"],["92062.60","0.043"],["92066.30","0.038"],["92066.70","0.227"],["92066.80","0.066"],["92066.90","0.054"],["92068.40","0.590"],["92068.50","0.009"],["92070.00","0.839"],["92074.20","1.609"],["92088.40","0.005"],["92089.60","0.002"],["92089.70","0"],["92089.80","0"],["92089.90","0.010"],["92091.30","0.010"],["92091.40","0"],["92091.50","0"],["92091.60","0"],["92091.80","1.380"],["92091.90","0.564"],["92096.10","0"],["92096.20","0.030"],["92096.40","0"],["92098.00","0.005"],["92102.00","1.395"],["92105.60","1.217"],["92129.40","0"],["92129.70","0.002"],["92133.80","0.002"],["92146.20","1.425"],["92149.50","0.001"]],"u":17050238,"seq":282093456508},"cts":1732665602284}
{"topic":"orderbook.500.BTCUSDT","type":"delta","ts":1732665602385,"data":{"s":"BTCUSDT","b":[["92043.10","2.518"],["92029.50","0"],["92021.40","0"],["92020.00","0.183"],["92014.40","0.137"],["92014.00","0.010"],["92013.30","0.057"],["92010.10","0.002"],["92008.10","0.002"],["91996.50","0.002"],["91996.10","0"],["91980.80","0.012"],["91978.50","0.130"],["91968.30","0.002"],["91964.00","0"],["91959.70","0.002"],["91943.00","0"],["91941.80","0.002"],["91941.10","0"],["91939.00","0"]],"a":[["92055.30","0.022"],["92062.30","0.001"],["92063.20","0.048"],["92065.40","0.054"],["92065.60","0.005"],["92065.80","0.003"],["92066.30","0.034"],["92068.40","0.586"],["92068.80","1.429"],["92070.00","0.774"],["92074.20","1.613"],["92088.40","0"],["92088.60","0.006"],["92089.60","0.005"],["92089.90","0.005"],["92091.30","0"],["92091.40","0.005"],["92091.70","0.005"],["92102.00","1.385"],["92102.60","0.010"],["92125.60","0"],["92126.40","0.002"],["92129.70","0"],["92135.00","0.002"],["92149.50","0"]],"u":17050239,"seq":282093456594},"cts":1732665602374}
{"topic":"orderbook.500.BTCUSDT","type":"delta","ts":1732665602485,"data":{"s":"BTCUSDT","b":[["92043.10","1.168"],["92041.70","0.075"],["92039.10","0.269"],["92026.60","0"],["92014.40","0.135"],["92013.80","0.977"],["92010.10","0"],["92008.10","0"],["92005.00","0.356"],["91995.30","0"],["91994.30","1.223"],["91993.30","0.011"],["91993.20","1.631"],["91993.10","0"],["91992.90","0.108"],["91992.70","0.005"],["91980.80","0.002"],["91978.50","0.140"],["91969.10","0.056"],["91968.30","0"],["91960.10","0.027"],["91957.10","0"],["91940.50","0.135"],["91939.00","0.007"],["91938.80","0.151"],["91938.00","0.038"],["91937.80","0.378"]],"a":[["92043.20","5.078"],["92046.50","0.054"],["92062.30","0.007"],["92062.60","0"],["92064.00","0.261"],["92065.00","0.009"],["92065.20","0.086"],["92065.50","2.276"],["92065.80","0.001"],["92073.30","0.013"],["92074.20","1.609"],["92087.60","0.005"],["92088.60","0.001"],["92088.80","0.005"],["92089.60","0"],["92089.80","0.007"],["92089.90","0"],["92091.40","0"],["92091.70","0.010"],["92096.40","0.005"],["92098.00","0"],["92102.60","0"],["92102.90","0.011"],["92149.50","0.001"]],"u":17050240,"seq":282093456804},"cts":1732665602483}
{"topic":"orderbook.500.BTCUSDT","type":"delta","ts":1732665602585,"data":{"s":"BTCUSDT","b":[["92043.10","0.655"],["92043.00","0.001"],["92037.60","0.371"],["92018.60","0.023"],["92018.50","0.066"],["92013.80","0.975"],["92013.30","0"],["92012.90","0.002"],["92012.80","0.056"],["92008.90","1.090"],["92006.50","0.002"],["92005.00","0.354"],["91994.30","0"],["91993.30","1.224"],["91991.80","0.015"],["91990.60","0"],["91990.50","0"],["91986.90","0.005"],["91986.60","0"],["91967.00","0.012"],["91960.10","0.015"],["91940.50","0.089"],["91937.80","0"]],"a":[["92043.20","5.170"],["92046.20","0.032"],["92061.70","0.004"],["92062.30","0.001"],["92063.50","1.087"],["92063.60","0.043"],["92065.60","0.048"],["92068.00","0.043"],["92068.40","0.590"],["92068.80","1.425"],["92073.30","0.009"],["92080.80","1.222"],["92083.00","0.108"],["92084.50","0.001"],["92084.60","0.001"],["92085.70","1.087"],["92085.80","0"],["92086.80","0.005"],["92087.60","0"],["92088.80","0"],["92089.70","0.005"],["92089.80","0"],["92089.90","0.015"],["92091.20","0.030"],["92091.30","0.030"],["92091.70","0"],["92091.80","1.350"],["92091.90","0.534"],["92096.40","0"],["92098.00","0.005"],["92101.70","0.010"],["92102.90","0.001"],["92147.50","0"],["92148.40","0"],["92148.50","0"],["92148.80","0"],["92148.90","0"],["92149.00","0"],["92149.30","0"],["92149.50","0"]],"u":17050241,"seq":282093457142},"cts":1732665602581}
{"topic":"orderbook.500.BTCUSDT","type":"delta","ts":1732665602685,"data":{"s":"BTCUSDT","b":[["92043.10","0.028"],["92041.70","0"],["92041.20","0"],["92040.00","0.050"],["92039.50","0"],["92039.10","0.172"],["92038.30","0"],["92038.00","0"],["92037.60","0.291"],["92037.30","0.280"],["92036.50","1.245"],["92036.00","0.136"],["92034.50","0.875"],["92032.50","0.348"],["92028.20","0.016"],["92025.80","1.335"],["92018.60","0.022"],["92018.40","0.098"],["92012.90","0"],["92006.50","0"],["92005.80","0.803"],["91993.30","0.001"],["91992.70","0"],["91991.80","0"],["91990.20","0"],["91988.30","1.225"],["91986.90","0"],["91984.90","0.010"],["91984.40","0.031"],["91983.80","0.005"],["91983.60","0.006"],["91983.50","0.176"],["91979.50","0.005"],["91978.50","0.130"],["91976.90","0.379"],["91967.00","0"],["91960.10","0"],["91953.10","0.108"],["91940.50","0.075"],["91937.80","0.378"],["91937.70","0.012"],["91937.50","0.076"],["91936.90","0.001"],["91936.80","0.163"],["91936.50","0.108"],["91936.10","0.002"],["91935.90","0.571"],["91935.60","1.035"],["91935.50","0.108"]],"a":[["92043.20","4.750"],["92043.80","0.935"],["92044.00","0.043"],["92044.80","0.151"],["92045.20","0.221"],["92045.60","0.285"],["92045.70","1.088"],["92046.20","0"],["92049.70","0"],["92050.00","0.326"],["92052.60","1.425"],["92060.60","0.006"],["92062.30","0.007"],["92064.50","0.004"],["92065.40","0.056"],["92065.50","2.274"],["92065.60","0.044"],["92066.30","0.099"],["92066.60","0"],["92066.70","0.006"],["92077.70","1.222"],["92078.00","0.001"],["92079.00","0.005"],["92080.80","0"],["92082.10","0.005"],["92083.90","0.005"],["92084.20","0.365"],["92084.40","1.426"],["92084.60","0"],["92085.10","0.010"],["92086.80","0"],["92089.70","0"],["92089.80","0.005"],["92089.90","0"],["92093.40","0.369"],["92098.00","0"],["92101.30","2.531"],["92101.70","0"],["92135.60","0.013"],["92147.20","0"],["92147.40","0"]],"u":17050242,"seq":282093458503},"cts":1732665602680}
{"topic":"orderbook.500.BTCUSDT","type":"delta","ts":1732665602785,"data":{"s":"BTCUSDT","b":[["92016.70","0.186"],["92012.80","0"],["92012.10","0.056"],["92009.70","0.002"],["92008.90","1.088"],["92005.80","0.801"],["92005.00","0.356"],["92003.30","0.002"],["92001.60","0.001"],["92001.20","0.003"],["91989.20","1.681"],["91988.90","0"],["91988.30","0.002"],["91987.40","1.224"],["91984.50","0.005"],["91984.40","0.026"],["91983.80","0"],["91982.50","0.005"],["91979.50","0"],["91977.50","0.005"],["91957.10","0.027"],["91940.50","0.073"],["91936.10","0"],["91935.90","0"],["91935.60","0"],["91935.50","0"]],"a":[["92043.20","4.660"],["92050.70","0.080"],["92061.50","0.751"],["92061.70","0"],["92064.20","0.114"],["92064.50","0"],["92065.10","0.074"],["92065.40","0.054"],["92068.40","0.586"],["92069.00","0.318"],["92079.00","0"],["92080.30","0.005"],["92081.60","0.005"],["92082.10","0"],["92082.30","0.005"],["92085.10","0.005"],["92088.40","0.005"],["92089.80","0"],["92147.20","0.001"]],"u":17050243,"seq":282093460037},"cts":1732665602783}
{"topic":"orderbook.500.BTCUSDT","type":"delta","ts":1732665602885,"data":{"s":"BTCUSDT","b":[["92043.10","0"],["92043.00","0"],["92040.00","0"],["92039.40","0"],["92039.10","1.344"],["92037.60","0.248"],["92036.50","0.988"],["92036.40","0.280"],["92036.00","0.093"],["92034.90","0.301"],["92034.60","0.506"],["92034.50","0.605"],["92032.00","0.331"],["92030.90","0.305"],["92030.20","0.484"],["92030.10","0.035"],["92029.90","0.016"],["92026.20","0.033"],["92025.80","1.330"],["92025.60","1.058"],["92023.70","0.085"],["92022.80","0.033"],["92020.90","1.426"],["92020.00","0.181"],["92017.60","0.096"],["92016.70","0.178"],["92014.80","0.150"],["92013.30","0.056"],["92012.10","0"],["92011.50","2.568"],["92007.90","0.002"],["92001.60","0.003"],["92001.20","0.001"],["91996.30","0.023"],["91995.30","1.631"],["91994.20","0.377"],["91993.20","0"],["91993.10","0.195"],["91991.20","1.382"],["91990.20","1.223"],["91987.80","0.106"],["91987.40","0.001"],["91986.40","0.005"],["91984.90","0"],["91984.30","0.016"],["91983.80","0.006"],["91983.60","0.001"],["91983.10","0.060"],["91982.50","0"],["91978.90","0.005"],["91977.50","0"],["91976.90","0.369"],["91976.70","2.403"],["91968.20","0.002"],["91959.70","0"],["91946.30","0.002"],["91945.20","0"],["91936.10","0.002"]],"a":[["92039.20","3.135"],["92039.50","0.242"],["92040.00","8.207"],["92041.40","0.043"],["92042.40","0.043"],["92043.00","0.043"],["92043.20","0.063"],["92043.80","0.016"],["92046.20","0.032"],["92046.40","0.065"],["92050.40","0.070"],["92050.70","0.072"],["92051.60","0.094"],["92052.50","0"],["92056.10","0.094"],["92056.30","1.664"],["92059.10","0.072"],["92060.80","0.324"],["92061.50","0.747"],["92062.10","0.072"],["92062.30","0.131"],["92062.60","0.006"],["92063.00","0.021"],["92063.60","0.047"],["92064.00","0.304"],["92064.20","0.110"],["92064.30","0.361"],["92065.10","0.144"],["92065.30","0.002"],["92065.60","0.048"],["92065.90","0.081"],["92066.30","0.098"],["92067.60","0.339"],["92068.10","0.072"],["92068.90","0.112"],["92069.00","0.314"],["92071.50","0.065"],["92075.90","0.076"],["92077.70","0"],["92078.80","1.222"],["92080.30","0"],["92080.50","0.005"],["92081.60","0"],["92082.00","0"],["92082.10","0.005"],["92082.30","0"],["92082.80","0.007"],["92083.80","0"],["92083.90","0"],["92085.10","0.010"],["92088.40","0"],["92089.90","0.012"],["92092.80","0"],["92092.90","0"],["92094.30","1.629"],["92094.50","0.078"],["92096.50","0.064"],["92098.50","0"],["92101.30","2.521"],["92106.50","0.038"],["92129.80","0"],["92146.20","0"],["92146.50","0"],["92146.60","0"],["92146.80","0"],["92147.00","0"],["92147.10","0"],["92147.20","0"]],"u":17050244,"seq":282093461662},"cts":1732665602883}
{"topic":"orderbook.500.BTCUSDT","type":"delta","ts":1732665602986,"data":{"s":"BTCUSDT","b":[["92039.10","2.955"],["92038.40","0"],["92037.60","0.151"],["92037.30","0"],["92036.60","0"],["92036.50","0.657"],["92036.40","0"],["92036.00","0.136"],["92034.90","0.021"],["92034.60","0.086"],["92034.50","0.325"],["92033.80","0.001"],["92032.00","0.051"],["92031.00","1.014"],["92030.30","0.220"],["92030.20","0.344"],["92030.10","0.033"],["92030.00","0.032"],["92029.80","0.336"],["92029.10","0.002"],["92022.60","0.006"],["92020.00","0.051"],["92017.60","0.088"],["92013.80","1.344"],["92013.30","0"],["92012.50","0.056"],["92009.70","0"],["92008.90","1.090"],["92007.90","0"],["92007.00","0.002"],["92003.30","0"],["92002.60","0.002"],["92001.60","0.001"],["92001.30","0.002"],["91996.50","0"],["91995.30","0"],["91994.90","1.997"],["91993.10","0"],["91993.00","1.631"],["91992.50","0.002"],["91991.90","0.195"],["91990.20","0"],["91988.00","1.250"],["91986.40","0"],["91984.90","0.005"],["91984.40","0.031"],["91984.30","0.011"],["91983.80","0.001"],["91983.30","0.010"],["91983.10","0.055"],["91978.90","0"],["91977.50","0.005"],["91955.10","0.001"],["91949.20","0"],["91941.80","0"],["91941.60","0.001"],["91939.40","0.002"],["91935.90","0.571"],["91935.60","1.035"]],"a":[["92039.20","4.876"],["92039.50","0"],["92039.90","1.166"],["92040.00","0"],["92040.20","0.001"],["92041.40","0"],["92042.20","0.032"],["92042.90","0.001"],["92043.20","0.013"],["92046.20","0"],["92051.60","0.086"],["92054.20","0.211"],["92060.80","0.320"],["92062.60","0"],["92063.60","0.043"],["92065.10","0.146"],["92065.30","0"],["92065.60","0.044"],["92066.70","0"],["92068.90","0.108"],["92078.80","0"],["92079.00","0.005"],["92079.50","1.222"],["92082.10","0"],["92082.30","0.005"],["92082.80","0.002"],["92083.90","0.010"],["92085.10","0"],["92085.50","0.005"],["92089.80","0.007"],["92089.90","0"],["92096.50","0.054"],["92098.70","0.035"],["92124.20","0.002"],["92126.40","0"],["92133.80","0"],["92146.50","0.002"],["92146.60","0.315"]],"u":17050245,"seq":282093461959},"cts":1732665602983}
{"topic":"orderbook.500.BTCUSDT","type":"delta","ts":1732665603085,"data":{"s":"BTCUSDT","b":[["92039.10","2.824"],["92031.00","0.678"],["92030.50","0"],["92030.40","0.032"],["92030.30","0.080"],["92030.20","0.064"],["92029.80","0.337"],["92029.10","0"],["92022.60","0"],["92018.50","0.065"],["92018.40","0.097"],["92018.30","0.131"],["92018.20","1.761"],["92016.70","0.186"],["92016.00","0.213"],["92014.00","0.066"],["92012.50","0"],["92007.00","0"],["92005.70","0.002"],["92005.00","0.354"],["92004.00","0.002"],["92003.10","0.005"],["92002.60","0"],["92001.90","1.427"],["92001.30","0"],["92001.20","0.003"],["91996.50","1.631"],["91993.00","0.001"],["91991.10","1.223"],["91988.00","0.027"],["91986.60","0.005"],["91986.30","0.475"],["91984.40","0.026"],["91983.80","0.006"],["91983.30","0"],["91978.90","0.005"],["91977.50","0"],["91976.70","2.393"],["91973.80","0.064"],["91970.00","0.414"],["91969.10","0.054"],["91964.80","0.002"],["91951.30","0.001"],["91945.20","0.002"],["91940.50","0.066"],["91939.40","0"],["91937.90","0.002"],["91936.00","1.425"],["91935.90","0"],["91935.60","0"]],"a":[["92039.20","4.863"],["92042.20","0"],["92043.20","0"],["92050.30","0.057"],["92060.60","0"],["92060.80","0.324"],["92063.50","1.091"],["92064.00","0.248"],["92065.00","0.066"],["92065.60","0.048"],["92068.50","0.013"],["92079.00","0"],["92080.30","0.005"],["92081.60","0.005"],["92083.90","0.005"],["92085.00","0.006"],["92085.50","0"],["92088.60","0.006"],["92089.70","0.002"],["92089.80","0"],["92122.20","0.002"],["92123.80","0.001"],["92124.20","0"],["92129.40","0.002"],["92131.30","0.002"],["92135.00","0"],["92146.20","1.425"]],"u":17050246,"seq":282093462094},"cts":1732665603083}
{"topic":"orderbook.500.BTCUSDT","type":"delta","ts":1732665603185,"data":{"s":"BTCUSDT","b":[["92039.10","2.674"],["92029.70","0.389"],["92028.80","0.001"],["92022.60","0.006"],["92016.70","0.178"],["92008.90","1.088"],["92008.80","0.165"],["92005.70","0"],["92004.00","0"],["92001.90","1.425"],["91999.50","2.644"],["91987.30","0"],["91986.90","0.005"],["91986.60","0"],["91979.10","0.005"],["91978.90","0"],["91958.10","0.396"],["91957.10","0"],["91947.00","0.001"],["91940.50","0.063"],["91935.90","0.571"]],"a":[["92039.20","3.634"],["92041.90","0.315"],["92043.40","0.401"],["92043.90","0"],["92047.40","0.059"],["92048.00","0.445"],["92048.50","0.002"],["92050.30","0.049"],["92052.00","0"],["92062.30","0.132"],["92066.30","0.033"],["92068.50","0.009"],["92068.90","0.112"],["92077.70","1.222"],["92079.40","0.006"],["92079.50","0"],["92080.30","0"],["92081.30","0.005"],["92081.60","0"],["92082.10","0.005"],["92082.30","0"],["92084.10","0.059"],["92085.00","0.001"],["92085.30","0.012"],["92088.40","0.005"],["92088.60","0.001"],["92089.70","0"],["92089.90","0.002"],["92098.70","0.025"],["92101.00","0.012"],["92108.30","0.001"],["92131.30","0.003"]],"u":17050247,"seq":282093462198},"cts":1732665603182}
{"topic":"orderbook.500.BTCUSDT","type":"delta","ts":1732665603285,"data":{"s":"BTCUSDT","b":[["92039.10","2.903"],["92029.70","0.387"],["92017.30","0.024"],["92016.40","0.030"],["92016.20","1.425"],["92014.00","0.010"],["92013.30","0.057"],["92008.80","0.163"],["92008.70","0.002"],["92005.20","0.041"],["92003.50","0.002"],["91992.00","1.224"],["91991.10","0"],["91989.20","1.179"],["91984.90","0.010"],["91984.50","0"],["91940.50","0.057"],["91936.00","0"],["91935.90","0"]],"a":[["92039.20","3.945"],["92051.30","0.062"],["92063.50","1.087"],["92063.60","0.047"],["92077.70","0"],["92078.80","1.222"],["92079.40","0.001"],["92080.30","0.005"],["92081.30","0"],["92081.60","0.005"],["92082.10","0"],["92082.40","0.290"],["92083.70","0.001"],["92083.80","0.001"],["92084.00","0.060"],["92084.10","0.054"],["92084.40","1.425"],["92084.50","0"],["92087.10","0.005"],["92088.40","0"],["92089.90","0"],["92090.20","0.749"],["92090.90","0.030"],["92091.00","0.030"],["92091.20","0"],["92091.30","0"],["92100.30","0.265"],["92101.00","0.002"]],"u":17050248,"seq":282093462304},"cts":1732665603283}
{"topic":"orderbook.500.BTCUSDT","type":"delta","ts":1732665603385,"data":{"s":"BTCUSDT","b":[["92039.10","3.127"],["92029.50","0.002"],["92022.60","0"],["92014.50","0.423"],["92013.30","0"],["92008.80","0.165"],["92008.70","0"],["92001.80","0.002"],["91993.00","1.224"],["91992.00","0.001"],["91991.90","0"],["91986.40","0.005"],["91986.30","0.470"],["91984.90","0.005"],["91984.50","0.005"],["91983.80","0.001"],["91983.60","0.006"],["91979.10","0"],["91978.90","0.005"],["91958.10","0.469"],["91954.80","1.426"],["91941.60","0"],["91935.90","0.571"]],"a":[["92039.20","3.632"],["92040.40","0.315"],["92043.40","0.086"],["92045.00","0.411"],["92048.00","0.130"],["92065.00","0.067"],["92065.10","0.144"],["92078.80","0"],["92080.30","1.227"],["92082.30","0.005"],["92082.40","0.285"],["92083.70","0"],["92083.80","0"],["92083.90","0.006"],["92084.00","0.056"],["92085.10","0.005"],["92087.10","0"],["92088.40","0.005"],["92089.90","0.002"],["92090.20","0.747"],["92090.90","0"],["92091.00","0"],["92091.10","0.030"],["92091.20","0.030"],["92100.30","0.255"],["92101.00","0.012"],["92131.20","0.002"],["92131.30","0.001"],["92146.50","0"],["92146.60","0"]],"u":17050249,"seq":282093462389},"cts":1732665603378}
{"topic":"orderbook.500.BTCUSDT","type":"delta","ts":1732665603485,"data":{"s":"BTCUSDT","b":[["92039.10","3.084"],["92025.80","1.114"],["92021.80","0.039"],["92017.30","0.016"],["92016.50","0.008"],["92016.40","0"],["92016.20","1.455"],["92003.70","0.002"],["92003.50","0"],["92000.50","0.164"],["91998.70","1.631"],["91996.50","0"],["91986.90","0"],["91986.60","0.005"],["91984.50","0"],["91984.30","0.016"],["91981.60","0.828"],["91978.90","0"],["91978.60","0.005"],["91973.90","0.001"],["91963.10","0"],["91958.10","0.396"],["91945.30","0"],["91940.50","0.200"],["91936.00","1.425"],["91935.60","1.035"],["91935.50","0.108"],["91935.10","0.219"]],"a":[["92039.20","3.530"],["92041.10","0.001"],["92042.40","0"],["92042.90","0"],["92043.00","0"],["92050.70","0.012"],["92051.30","0.054"],["92052.60","0"],["92055.20","0.055"],["92056.00","0.318"],["92056.60","0.006"],["92057.90","0.105"],["92058.30","0.006"],["92059.70","0.009"],["92062.60","0.006"],["92062.70","0.006"],["92065.00","0.065"],["92065.10","0.146"],["92077.30","0"],["92078.80","1.222"],["92079.20","0.005"],["92080.30","0"],["92081.30","0.010"],["92081.60","0"],["92082.30","0"],["92083.80","0.005"],["92085.10","0"],["92086.80","0.005"],["92088.40","0"],["92094.80","0"],["92112.80","0.459"],["92130.70","0.135"],["92146.50","0.002"]],"u":17050250,"seq":282093462530},"cts":1732665603481}
{"topic":"orderbook.500.BTCUSDT","type":"delta","ts":1732665603585,"data":{"s":"BTCUSDT","b":[["92039.10","3.034"],["92037.60","0.108"],["92036.00","0.093"],["92029.50","0"],["92021.80","0.031"],["92019.60","0.001"],["92016.00","0.212"],["92003.70","0"],["92001.80","0"],["91998.70","0"],["91997.70","1.642"],["91993.00","1.223"],["91986.60","0"],["91986.40","0.010"],["91984.30","0.011"],["91983.80","0.006"],["91983.60","0.001"],["91983.30","0.005"],["91978.60","0"],["91978.20","0.006"],["91970.00","0.413"],["91967.00","0.012"],["91958.10","0.384"],["91947.00","0"],["91940.50","0.198"],["91934.80","0.002"],["91934.60","0.368"],["91934.00","8.373"],["91933.80","0.135"]],"a":[["92039.20","4.059"],["92040.00","0.043"],["92041.40","0.086"],["92042.40","0.043"],["92043.00","0.043"],["92048.50","0.001"],["92056.00","0.310"],["92060.80","0.320"],["92061.50","0.751"],["92062.30","0.131"],["92063.60","0.043"],["92064.20","0.114"],["92065.60","0.044"],["92067.70","0.004"],["92068.90","0.108"],["92070.10","0.313"],["92081.30","0.005"],["92081.60","0.005"],["92083.80","0"],["92085.10","0.005"],["92085.30","0.011"],["92086.80","0"],["92087.90","0.005"],["92089.90","0"],["92090.20","0.749"],["92092.70","1.087"],["92108.30","0"],["92131.30","0"],["92146.10","0"],["92146.20","0"],["92146.50","0"]],"u":17050251,"seq":282093462640},"cts":1732665603582}
{"topic":"orderbook.500.BTCUSDT","type":"delta","ts":1732665603686,"data":{"s":"BTCUSDT","b":[["92039.10","3.110"],["92032.60","0.035"],["92030.20","0.066"],["92021.90","0.030"],["92021.80","0.001"],["92020.60","0.060"],["92018.40","0.098"],["92018.20","1.760"],["92017.20","0.008"],["92016.00","0.213"],["92008.80","0.163"],["92003.50","0.002"],["92002.20","0.012"],["91998.70","1.631"],["91997.70","0.011"],["91993.00","1.224"],["91986.60","0.005"],["91986.40","0.005"],["91984.50","0.005"],["91983.80","0.002"],["91979.30","0.005"],["91978.20","0.001"],["91970.00","0.414"],["91967.00","0"],["91965.40","0.001"],["91958.10","0.369"],["91947.00","0.002"],["91940.50","0.149"],["91935.90","0"],["91935.60","0"],["91935.50","0"],["91935.10","0"],["91934.80","0"],["91934.60","0"],["91934.00","0"],["91933.80","0"]],"a":[["92048.50","0.002"],["92051.40","0.008"],["92057.70","0.002"],["92057.90","0.111"],["92061.50","0.747"],["92062.30","0.132"],["92064.10","1.430"],["92064.20","0.110"],["92066.80","0.067"],["92067.20","0.004"],["92067.70","0"],["92070.10","0.309"],["92076.10","0.001"],["92078.80","0"],["92079.20","0"],["92079.50","0.005"],["92080.80","1.227"],["92081.60","0"],["92083.30","0.515"],["92083.60","0.001"],["92083.70","0.001"],["92083.80","0.010"],["92083.90","0"],["92084.00","0.055"],["92085.10","0"],["92086.80","0.005"],["92087.90","0"],["92090.20","0.747"],["92091.90","0.533"],["92094.50","0.079"],["92095.50","0.030"],["92096.20","0"],["92112.90","0.853"],["92131.30","0.001"],["92145.80","0"],["92145.90","0"],["92146.00","0"]],"u":17050252,"seq":282093462776},"cts":1732665603683}
{"topic":"orderbook.500.BTCUSDT","type":"delta","ts":1732665603785,"data":{"s":"BTCUSDT","b":[["92039.10","2.729"],["92030.20","0.064"],["92029.50","0.002"],["92016.40","0.030"],["92016.20","1.425"],["92008.80","0.165"],["92001.10","0.021"],["91998.70","0"],["91997.80","1.685"],["91993.00","0.001"],["91991.80","1.223"],["91986.60","0"],["91986.40","0.010"],["91984.50","0"],["91983.80","0.007"],["91979.30","0"],["91978.20","0.006"],["91940.50","0.136"],["91935.90","0.571"]],"a":[["92042.20","0.032"],["92061.50","0.751"],["92067.20","0"],["92067.40","0.004"],["92074.30","1.843"],["92078.80","1.227"],["92080.30","0.005"],["92080.80","0"],["92081.30","0"],["92082.30","0.005"],["92082.80","0.007"],["92083.80","0"],["92085.30","0.012"],["92086.50","0.005"],["92086.80","0"],["92089.90","0.002"],["92090.90","0.030"],["92091.00","0.030"],["92091.10","0"],["92091.20","0"],["92108.30","0.001"],["92131.20","0"],["92131.30","0.004"],["92145.40","0"],["92145.60","0"]],"u":17050253,"seq":282093462850},"cts":1732665603782}
{"topic":"orderbook.500.BTCUSDT","type":"delta","ts":1732665603885,"data":{"s":"BTCUSDT","b":[["92039.10","1.849"],["92036.50","0.364"],["92036.00","0.050"],["92034.60","0"],["92034.50","0.250"],["92029.70","0.337"],["92029.50","0"],["92021.90","0"],["92021.80","0.031"],["92018.40","0.106"],["92017.20","0"],["92016.40","0"],["92016.20","1.455"],["92014.50","0.367"],["92013.30","0.056"],["92008.80","0.163"],["92008.20","0.059"],["92005.20","0.039"],["92005.10","1.771"],["92003.50","0"],["92003.30","0.002"],["92001.10","0.019"],["91997.80","0.054"],["91995.30","1.631"],["91992.70","1.223"],["91991.80","0"],["91986.60","0.005"],["91986.40","0"],["91984.90","0.010"],["91983.90","0.006"],["91983.80","0.002"],["91978.20","0.001"],["91977.50","0.005"],["91959.10","0.027"],["91935.60","1.035"]],"a":[["92039.20","4.797"],["92039.60","0.315"],["92041.00","0.315"],["92045.00","0.096"],["92045.80","0.017"],["92047.60","0.017"],["92048.60","1.451"],["92051.40","0"],["92051.90","0.008"],["92060.90","0.004"],["92061.50","0.747"],["92062.60","0.012"],["92064.20","0.166"],["92065.00","0.011"],["92065.10","0.144"],["92067.20","0.004"],["92067.40","0"],["92068.90","0.112"],["92078.80","1.222"],["92079.50","0"],["92080.80","0.010"],["92082.30","0"],["92082.80","0.002"],["92083.90","0.010"],["92089.90","0"],["92093.10","1.629"],["92094.30","0"],["92131.20","0.002"],["92131.30","0.002"],["92144.70","0"],["92144.90","0"],["92145.00","0"]],"u":17050254,"seq":282093462976},"cts":1732665603881}
{"topic":"orderbook.500.BTCUSDT","type":"delta","ts":1732665603986,"data":{"s":"BTCUSDT","b":[["92039.10","1.211"],["92037.60","0.008"],["92036.50","0.128"],["92034.50","0"],["92032.50","0.143"],["92032.40","0.001"],["92031.00","0.477"],["92030.90","0.100"],["92018.40","0.097"],["92018.20","1.761"],["92013.30","0"],["92013.00","0.150"],["92012.10","0.056"],["92008.20","0.057"],["92005.10","1.769"],["92003.30","0"],["92002.60","0.002"],["92000.30","0.824"],["91999.60","0.054"],["91995.30","0"],["91994.30","1.631"],["91992.70","0"],["91992.30","0.216"],["91989.70","1.223"],["91989.60","0"],["91986.90","0.005"],["91986.60","0"],["91986.50","0.135"],["91984.90","0.005"],["91983.30","0"],["91983.20","0.070"],["91978.00","0.005"],["91977.50","0"],["91975.00","0"],["91973.80","0.054"],["91972.20","0.379"],["91959.10","0.002"],["91940.50","0.130"],["91935.50","0.108"],["91935.10","0.219"],["91934.80","0.002"]],"a":[["92039.20","4.643"],["92042.20","0"],["92051.90","0"],["92055.20","0.049"],["92060.80","0.324"],["92060.90","0"],["92062.30","0.197"],["92062.60","0.018"],["92063.60","0.047"],["92063.80","0.021"],["92064.10","1.426"],["92065.60","0.048"],["92067.20","0"],["92073.30","0.001"],["92077.70","1.222"],["92078.80","0"],["92079.00","0.005"],["92080.80","0"],["92081.30","0.005"],["92083.60","0"],["92083.70","0"],["92083.90","0.011"],["92084.00","0.056"],["92086.50","0"],["92086.80","0.005"],["92099.00","0.011"],["92101.00","0.002"],["92114.00","0.022"],["92131.10","0.002"],["92131.20","0"],["92144.70","0.132"],["92144.90","0.016"],["92145.00","0.003"],["92145.40","0.002"]],"u":17050255,"seq":282093463212},"cts":1732665603983}
{"topic":"orderbook.500.BTCUSDT","type":"delta","ts":1732665604085,"data":{"s":"BTCUSDT","b":[["92039.10","2.017"],["92036.00","0.093"],["92030.00","0.034"],["92016.30","0.001"],["92016.10","0.032"],["92006.70","0.008"],["92005.70","0.002"],["92004.00","0.002"],["92002.60","0"],["92001.20","0.001"],["92000.50","0.166"],["92000.30","0.822"],["91999.90","0.002"],["91991.10","0.008"],["91986.90","0.010"],["91986.50","0.130"],["91984.90","0"],["91984.50","0.005"],["91983.90","0.001"],["91983.80","0.007"],["91983.30","0.005"],["91983.20","0.065"],["91978.90","0.056"],["91978.60","0.005"],["91978.00","0"],["91972.20","0.369"],["91972.10","0.479"],["91959.10","0"],["91958.30","0.181"],["91949.80","0"],["91935.90","0"],["91935.60","0"],["91935.50","0"],["91935.10","0"],["91934.80","0"]],"a":[["92039.60","0"],["92040.40","0.323"],["92042.60","0.315"],["92062.30","0.132"],["92063.50","1.091"],["92063.60","0.043"],["92065.00","0.009"],["92066.00","0.009"],["92068.80","1.429"],["92068.90","0.108"],["92073.90","0.056"],["92077.60","0.005"],["92079.00","0"],["92080.30","0"],["92080.70","0.005"],["92083.30","0.459"],["92083.80","0.010"],["92083.90","0"],["92084.00","0.055"],["92084.10","0.055"],["92084.20","0.366"],["92090.00","0.317"],["92090.90","0"],["92091.00","0"],["92091.40","0.030"],["92091.50","0.030"],["92095.50","0"],["92096.00","0.050"],["92098.90","0.674"],["92122.30","0"],["92131.10","0"],["92131.20","0.002"],["92145.60","0.065"]],"u":17050256,"seq":282093463310},"cts":1732665604080}
{"topic":"orderbook.500.BTCUSDT","type":"delta","ts":1732665604186,"data":{"s":"BTCUSDT","b":[["92039.10","3.690"],["92034.60","0.043"],["92030.20","0.066"],["92030.00","0.032"],["92021.80","0.001"],["92021.70","0.106"],["92018.30","0.130"],["92018.20","1.760"],["92018.10","1.089"],["92018.00","0.001"],["92016.20","1.425"],["92016.00","0.243"],["92006.70","0.002"],["92005.70","0"],["92004.50","0.002"],["92004.00","0"],["92002.60","0.002"],["92001.20","0.003"],["92000.50","0.164"],["91996.50","1.631"],["91994.30","0"],["91991.80","1.223"],["91989.70","0"],["91986.90","0"],["91986.60","0.005"],["91986.40","0.005"],["91984.30","0.016"],["91983.30","0"],["91976.20","0.027"],["91974.90","0.098"],["91972.30","0.011"],["91972.10","0.469"],["91936.50","0"],["91936.10","0"],["91936.00","0"]],"a":[["92039.20","4.140"],["92040.00","0"],["92040.40","0.315"],["92058.30","0.012"],["92061.30","0.095"],["92062.60","0.012"],["92062.70","0"],["92063.10","0.057"],["92063.60","0"],["92064.20","0.110"],["92065.00","0.011"],["92077.60","0"],["92078.80","0.005"],["92080.70","0"],["92080.80","0.005"],["92083.80","0"],["92083.90","0.010"],["92090.00","0.315"],["92092.60","1.764"],["92093.10","0"],["92098.70","0.035"],["92099.00","0.001"],["92099.30","0.098"],["92101.80","0"],["92122.20","0"],["92122.30","0.002"],["92131.10","0.002"],["92131.20","0"],["92145.80","0.076"],["92145.90","0.008"]],"u":17050257,"seq":282093463425},"cts":1732665604179}
{"topic":"orderbook.500.BTCUSDT","type":"delta","ts":1732665604285,"data":{"s":"BTCUSDT","b":[["92039.10","4.760"],["92034.60","0.086"],["92030.20","0.064"],["92016.30","0.031"],["92016.20","1.455"],["92016.10","0.002"],["92016.00","0.213"],["92007.00","0.002"],["92006.70","0"],["92005.00","0.356"],["92004.50","0"],["92000.30","0.824"],["91999.90","0"],["91996.50","0"],["91995.30","1.631"],["91992.30","0.021"],["91991.80","0"],["91988.30","1.225"],["91986.60","0"],["91986.40","0"],["91986.10","0.005"],["91984.90","0.005"],["91984.30","0.011"],["91983.80","0.002"],["91983.30","0.005"],["91981.90","0.005"],["91978.60","0"],["91977.50","0.005"],["91973.50","0.210"],["91972.30","0.001"],["91957.10","0.100"]],"a":[["92039.20","4.669"],["92063.10","0"],["92063.50","1.087"],["92063.60","0.004"],["92063.90","0.056"],["92064.90","0.002"],["92065.00","0.009"],["92065.10","0.187"],["92068.80","1.425"],["92068.90","0.112"],["92075.80","1.223"],["92077.70","0"],["92078.80","0"],["92079.00","0.010"],["92081.30","0"],["92082.30","0.005"],["92082.80","0.007"],["92083.90","0"],["92086.50","0.005"],["92086.80","0"],["92089.90","0.002"],["92090.60","0.030"],["92090.70","0.030"],["92091.40","1.629"],["92091.50","0"],["92092.60","0.135"],["92098.70","0.025"],["92099.30","0.010"],["92100.80","0.098"],["92131.00","0.002"],["92131.10","0"],["92145.60","0"],["92145.80","0"],["92145.90","0"]],"u":17050258,"seq":282093463522},"cts":1732665604279}
{"topic":"orderbook.500.BTCUSDT","type":"delta","ts":1732665604385,"data":{"s":"BTCUSDT","b":[["92039.10","4.205"],["92015.50","0.010"],["92013.70","0.150"],["92012.10","0.064"],["92011.70","0.150"],["92009.90","0.150"],["92007.20","0.002"],["92007.00","0"],["92006.90","0.054"],["92006.80","1.779"],["92005.60","0.652"],["92005.20","0.041"],["92005.00","0.354"],["92003.30","0.002"],["92002.60","0"],["92001.20","0.001"],["92000.70","0.002"],["92000.30","0.822"],["91998.50","0"],["91998.40","0.001"],["91997.50","0.611"],["91997.40","0"],["91989.60","1.223"],["91988.30","0.002"],["91986.10","0"],["91984.90","0.010"],["91977.50","0"],["91976.20","0.032"],["91972.00","0.195"],["91957.10","0.016"],["91940.50","0.115"],["91937.70","0"],["91937.50","0"],["91936.90","0"],["91936.80","0"]],"a":[["92040.00","0.043"],["92042.70","0.054"],["92042.90","0.054"],["92043.30","0.194"],["92044.70","0.108"],["92044.80","0.205"],["92045.00","0.150"],["92045.20","0.275"],["92046.50","0.062"],["92056.60","0.012"],["92063.10","0.056"],["92063.50","1.091"],["92063.60","0"],["92063.90","0"],["92064.90","0"],["92065.00","0.011"],["92066.10","0.597"],["92068.80","1.429"],["92068.90","0.108"],["92075.80","0.001"],["92077.60","1.222"],["92079.00","0"],["92079.20","0.005"],["92080.30","0.010"],["92080.80","0"],["92082.30","0"],["92082.80","0.002"],["92083.20","0.005"],["92083.80","0.005"],["92087.70","2.523"],["92089.90","0"],["92098.70","0.035"],["92099.30","0"],["92131.00","0"],["92131.20","0.002"],["92134.60","0.369"],["92144.90","0"],["92145.00","0"],["92145.40","0"]],"u":17050259,"seq":282093463636},"cts":1732665604382}
{"topic":"orderbook.500.BTCUSDT","type":"delta","ts":1732665604485,"data":{"s":"BTCUSDT","b":[["92039.10","1.877"],["92029.80","0.349"],["92029.10","0.002"],["92028.30","0.001"],["92023.20","0.043"],["92021.70","0.076"],["92021.60","0.041"],["92018.10","1.088"],["92018.00","0"],["92017.90","0.001"],["92017.80","0.001"],["92016.30","0.001"],["92016.20","1.425"],["92016.10","0.032"],["92016.00","0.242"],["92013.70","0.160"],["92012.10","0.056"],["92011.70","0.300"],["92010.70","0"],["92009.90","0.300"],["92008.80","0.013"],["92007.20","0"],["92006.80","1.479"],["92005.40","0.054"],["92005.20","0.039"],["92005.00","0.206"],["92001.20","0.003"],["91995.30","0"],["91993.00","1.631"],["91984.90","0.005"],["91983.80","0.007"],["91983.30","0"],["91983.20","0.070"],["91977.10","0.005"],["91976.20","0.027"],["91970.00","0.413"],["91957.10","0"],["91947.00","0.001"],["91937.70","0.012"],["91937.50","0.076"]],"a":[["92039.20","4.496"],["92046.50","0.054"],["92048.50","0.001"],["92051.40","0.006"],["92056.10","0.148"],["92062.30","0.131"],["92062.60","0.006"],["92065.00","0.009"],["92068.50","0.013"],["92068.80","1.425"],["92078.80","0.005"],["92078.90","0.043"],["92079.20","0"],["92080.30","0"],["92080.80","0.005"],["92082.10","0.005"],["92082.30","0.005"],["92083.20","0"],["92083.80","0"],["92085.30","0.011"],["92086.50","0"],["92086.80","0.005"],["92089.90","0.002"],["92090.60","0"],["92090.70","0"],["92091.10","0.030"],["92091.20","0.030"],["92091.40","0"],["92092.60","1.764"],["92096.70","1.827"],["92098.70","0.025"],["92108.30","0"],["92131.00","0.002"],["92131.20","0"],["92131.30","0.001"]],"u":17050260,"seq":282093463767},"cts":1732665604479}
{"topic":"orderbook.500.BTCUSDT","type":"delta","ts":1732665604585,"data":{"s":"BTCUSDT","b":[["92039.10","3.450"],["92029.10","0"],["92025.70","1.704"],["92016.00","0.243"],["92008.20","0.065"],["92005.00","0.204"],["92003.30","0"],["92002.60","0.002"],["92001.20","0.001"],["92001.00","0.003"],["92000.70","0"],["91995.30","1.631"],["91993.00","0.001"],["91991.30","1.223"],["91989.60","0"],["91984.90","0.010"],["91984.50","0"],["91983.80","0.002"],["91983.30","0.005"],["91983.20","0.065"],["91982.50","0.010"],["91981.90","0"],["91973.50","0.200"],["91972.20","0.379"],["91970.00","0.414"],["91947.00","0.002"],["91936.90","0.001"]],"a":[["92039.20","4.595"],["92043.50","0.056"],["92048.50","0.002"],["92062.30","0.132"],["92062.60","0.018"],["92064.90","0.002"],["92068.40","0.590"],["92068.50","0.009"],["92077.60","0"],["92077.70","1.227"],["92078.80","0"],["92078.90","0.038"],["92079.00","0.005"],["92080.30","0.005"],["92080.50","0.185"],["92080.80","0"],["92085.10","0.005"],["92085.30","0.012"],["92086.80","0"],["92089.90","0"],["92096.70","1.817"],["92097.10","1.347"],["92130.90","0.002"],["92131.00","0"]],"u":17050261,"seq":282093463881},"cts":1732665604582}
{"topic":"orderbook.500.BTCUSDT","type":"delta","ts":1732665604684,"data":{"s":"BTCUSDT","b":[["92039.10","3.546"],["92029.10","0.002"],["92022.20","0.046"],["92021.60","0.011"],["92018.40","0.098"],["92018.30","0.131"],["92017.90","0"],["92017.80","0"],["92016.50","0.038"],["92016.40","0.030"],["92016.10","0.002"],["92016.00","0.213"],["92013.80","1.400"],["92012.10","0"],["92008.80","0.003"],["92008.20","0.111"],["92007.90","0.054"],["92007.70","0.054"],["92006.80","1.481"],["92005.00","0.056"],["92001.20","0.003"],["92001.00","0.001"],["92000.20","0.002"],["91997.70","1.642"],["91995.30","0"],["91991.80","1.223"],["91991.30","0"],["91984.50","0.005"],["91982.50","0"],["91981.90","0.005"],["91977.50","0.005"],["91977.10","0"],["91973.50","0.210"],["91972.20","0.369"],["91940.50","0.113"],["91937.50","0"],["91936.90","0"]],"a":[["92039.20","4.813"],["92043.50","0.048"],["92053.80","0.225"],["92062.60","0.012"],["92063.10","0"],["92063.90","0.056"],["92064.90","0"],["92065.00","0.011"],["92065.10","0.144"],["92077.70","0"],["92079.00","0.010"],["92080.30","1.222"],["92080.80","0.005"],["92082.10","0"],["92082.20","0.164"],["92082.30","0.006"],["92082.80","0.007"],["92084.10","0.054"],["92084.20","0.365"],["92085.10","0"],["92086.80","0.005"],["92089.50","0.030"],["92089.60","0.030"],["92089.90","0.002"],["92091.10","0"],["92091.20","0"],["92092.60","0.135"],["92094.20","0.030"],["92094.30","1.629"],["92096.00","0.020"],["92108.30","0.001"],["92130.90","0"],["92131.10","0.002"],["92131.30","0.002"],["92144.30","0"],["92144.70","0"]],"u":17050262,"seq":282093463999},"cts":1732665604682}
{"topic":"orderbook.500.BTCUSDT","type":"delta","ts":1732665604786,"data":{"s":"BTCUSDT","b":[["92039.10","1.877"],["92036.00","0.050"],["92030.00","0.034"],["92029.10","0"],["92007.00","0.002"],["92006.80","1.479"],["92000.30","0.824"],["92000.20","0"],["91997.70","0.011"],["91996.50","1.631"],["91992.30","0"],["91986.40","0.010"],["91984.90","0.005"],["91984.50","0"],["91983.30","0.010"],["91981.90","0"],["91978.00","0.005"],["91977.50","0"],["91973.50","0.200"],["91972.30","0.011"],["91957.10","0.100"],["91940.50","0.103"],["91937.50","0.076"]],"a":[["92039.20","4.495"],["92063.90","0"],["92064.90","0.002"],["92065.00","0.066"],["92065.90","0.124"],["92078.80","0.005"],["92079.00","1.222"],["92080.20","0.005"],["92080.30","0"],["92082.20","0.163"],["92082.30","0.001"],["92082.40","0.286"],["92082.70","0.005"],["92082.80","0.002"],["92083.90","0.005"],["92089.50","0"],["92089.70","0.030"],["92089.90","0"],["92094.20","0"],["92094.30","1.659"],["92130.90","0.002"],["92131.10","0"],["92144.20","0"]],"u":17050263,"seq":282093464113},"cts":1732665604780}
{"topic":"orderbook.500.BTCUSDT","type":"delta","ts":1732665604885,"data":{"s":"BTCUSDT","b":[["92039.10","3.005"],["92036.60","0.033"],["92034.60","0"],["92030.00","0.032"],["92029.10","0.002"],["92022.30","0.030"],["92022.20","0.016"],["92018.50","0.066"],["92018.30","0.130"],["92016.70","0.208"],["92016.60","0.093"],["92016.50","0.008"],["92016.40","0"],["92013.80","1.344"],["92012.50","0.056"],["92007.80","0.060"],["92007.00","0"],["92006.70","0.002"],["92005.00","0.054"],["92004.50","0.002"],["92001.20","0.001"],["92001.00","0.003"],["92000.30","0.822"],["91999.90","0.002"],["91996.50","0"],["91994.30","1.631"],["91991.80","0"],["91989.30","1.233"],["91986.40","0"],["91984.90","0.015"],["91983.60","0.006"],["91983.30","0"],["91982.50","0.005"],["91978.00","0"],["91977.50","0.005"],["91972.30","0.001"],["91972.20","0.379"],["91957.10","0.016"],["91940.50","0.079"],["91937.70","0"],["91937.50","0"]],"a":[["92039.20","4.692"],["92043.40","0.094"],["92053.10","0.494"],["92063.90","0.056"],["92065.00","0.009"],["92068.40","0.586"],["92068.50","0.013"],["92076.10","1.223"],["92078.80","0.010"],["92079.00","0"],["92080.20","0"],["92080.30","0.005"],["92080.80","0"],["92082.10","0.010"],["92082.30","0"],["92082.50","0.369"],["92082.70","0"],["92083.90","0"],["92086.50","0.005"],["92086.80","0"],["92089.50","0.002"],["92091.70","1.629"],["92094.30","0.030"],["92130.90","0"],["92131.20","0.002"],["92144.20","0.690"]],"u":17050264,"seq":282093464203},"cts":1732665604880}
{"topic":"orderbook.500.BTCUSDT","type":"delta","ts":1732665604985,"data":{"s":"BTCUSDT","b":[["92039.10","3.026"],["92029.10","0"],["92012.50","0"],["92011.80","0.212"],["92007.80","0.052"],["92007.00","0.002"],["92006.70","0"],["92005.00","0.056"],["92004.50","0"],["92001.20","0.003"],["92001.00","0.001"],["92000.20","0.002"],["91999.90","0"],["91994.30","0"],["91993.00","1.632"],["91989.30","0.010"],["91987.90","1.277"],["91984.90","0.005"],["91984.50","0.005"],["91984.30","0.016"],["91983.60","0.001"],["91983.40","0.005"],["91982.50","0"],["91981.30","0.005"],["91977.50","0"],["91977.10","0.005"],["91972.90","0.021"],["91972.20","0.369"],["91957.10","0.100"],["91937.70","0.012"],["91937.50","0.076"]],"a":[["92039.20","4.924"],["92043.40","0.086"],["92053.10","0.842"],["92063.10","0.057"],["92063.90","0"],["92064.90","0"],["92065.00","0.011"],["92076.10","0.001"],["92077.70","1.222"],["92078.80","0.005"],["92079.50","0.005"],["92082.00","0.005"],["92082.10","0"],["92082.30","0.006"],["92082.50","0.368"],["92089.50","0"],["92131.00","0.002"],["92131.20","0"],["92144.20","0"]],"u":17050265,"seq":282093464376},"cts":1732665604980}
{"topic":"orderbook.500.BTCUSDT","type":"delta","ts":1732665605085,"data":{"s":"BTCUSDT","b":[["92039.10","2.047"],["92036.60","0"],["92029.10","0.002"],["92020.60","0.059"],["92012.60","0.149"],["92012.10","0.054"],["92011.80","0.266"],["92009.70","0.108"],["92008.20","0.173"],["92007.60","0.054"],["92007.40","0.072"],["92002.20","0.011"],["92000.00","2.594"],["91999.60","0"],["91999.00","0"],["91998.80","0.001"],["91998.60","0"],["91998.10","0.027"],["91997.80","0"],["91995.30","1.631"],["91993.00","0.001"],["91990.20","1.223"],["91987.90","0.054"],["91985.00","0.005"],["91984.30","0.011"],["91983.80","0.001"],["91983.40","0"],["91983.30","0.005"],["91981.90","0.005"],["91981.30","0"],["91978.70","1.956"],["91977.50","0.005"],["91977.10","0"],["91965.40","0"],["91965.20","0"],["91957.10","0.016"],["91947.00","0.001"],["91937.50","0"]],"a":[["92039.20","4.725"],["92039.30","0.324"],["92040.10","0.054"],["92042.20","0.008"],["92057.70","0.001"],["92062.40","0.004"],["92063.50","1.087"],["92065.20","0.090"],["92065.60","0.044"],["92068.40","0.590"],["92068.50","0.009"],["92076.10","0"],["92078.80","0"],["92079.00","0.005"],["92079.20","0.005"],["92079.50","0"],["92082.00","0"],["92082.20","0.168"],["92089.50","0.002"],["92094.50","0.078"],["92096.70","1.827"],["92097.10","1.337"],["92112.90","0.852"],["92131.00","0"],["92131.20","0.002"],["92131.30","0.001"],["92143.80","0"],["92144.00","0"],["92144.10","0"]],"u":17050266,"seq":282093464525},"cts":1732665605082}
{"topic":"orderbook.500.BTCUSDT","type":"delta","ts":1732665605186,"data":{"s":"BTCUSDT","b":[["92039.10","5.659"],["92038.70","0.290"],["92038.60","0.758"],["92037.60","0.051"],["92036.50","0"],["92036.00","0.136"],["92035.60","0.001"],["92034.60","0.086"],["92031.00","0.846"],["92030.80","0.017"],["92030.70","0.018"],["92029.70","1.762"],["92029.10","0"],["92026.20","0.032"],["92022.60","0.006"],["92022.30","0"],["92022.20","0.046"],["92020.60","0.060"],["92018.50","0.065"],["92018.30","0.131"],["92016.70","0.178"],["92016.50","0.038"],["92015.10","0.064"],["92013.60","0.054"],["92013.10","0.069"],["92012.80","0.054"],["92011.80","0.210"],["92010.70","0.108"],["92010.10","0.008"],["92009.20","0.108"],["92009.00","2.920"],["92008.60","0.054"],["92008.20","0.219"],["92008.00","0.105"],["92007.90","0.108"],["92007.80","0.160"],["92007.40","0.126"],["92007.30","0.063"],["92007.00","0"],["92006.70","0.002"],["92005.00","0.054"],["92004.80","0"],["92002.20","0.012"],["92001.60","0.003"],["92001.20","0.001"],["92001.00","1.632"],["92000.20","0"],["91999.90","0.002"],["91999.10","0"],["91995.30","0"],["91994.30","1.223"],["91990.20","0"],["91986.90","0.010"],["91986.40","0.021"],["91985.00","0"],["91984.90","0.010"],["91984.50","0"],["91984.40","0.031"],["91983.80","0.002"],["91983.30","0"],["91981.90","0"],["91979.50","0.005"],["91977.50","0"],["91977.10","0.315"],["91976.70","2.078"],["91970.60","0"],["91967.90","0.315"],["91967.60","0.550"],["91965.40","0.001"],["91957.90","0.130"],["91957.10","0.100"],["91947.00","0.002"],["91938.80","0"],["91938.00","0"],["91937.90","0"],["91937.80","0"],["91937.70","0"]],"a":[["92039.20","1.364"],["92039.30","0.054"],["92039.90","0"],["92040.00","0"],["92040.10","0"],["92040.20","0"],["92040.40","0"],["92041.00","0"],["92041.10","0"],["92041.40","0"],["92041.90","0"],["92042.00","0.315"],["92042.20","0"],["92042.60","0"],["92042.70","0"],["92042.90","0.055"],["92043.30","0.086"],["92043.40","0.032"],["92043.60","0.016"],["92044.00","0.101"],["92044.10","0"],["92044.20","0.002"],["92044.40","0.070"],["92044.50","0.032"],["92044.60","0.841"],["92044.70","0.162"],["92044.80","0.151"],["92045.20","0.221"],["92045.70","0.001"],["92045.80","0.071"],["92046.40","0.064"],["92048.60","0.026"],["92050.70","0.010"],["92051.10","0.748"],["92053.10","0.349"],["92054.20","0.076"],["92054.80","0.016"],["92055.20","0.043"],["92056.10","0.022"],["92056.20","0.270"],["92056.60","0"],["92056.80","0.076"],["92057.70","0.002"],["92057.90","0.099"],["92059.10","0"],["92059.30","0.095"],["92059.70","0.013"],["92060.80","0.320"],["92061.30","0"],["92062.10","0"],["92062.30","0.002"],["92062.40","0"],["92062.60","0.006"],["92063.10","0"],["92065.00","0.009"],["92065.10","0.072"],["92065.20","0.086"],["92065.90","0.043"],["92066.00","0.111"],["92066.60","0.058"],["92067.20","0.056"],["92067.30","0"],["92067.60","0"],["92068.10","0"],["92069.50","0.058"],["92071.50","0"],["92072.40","0.058"],["92073.90","0"],["92076.00","0.350"],["92076.10","0.001"],["92076.40","0.339"],["92077.70","0"],["92079.00","0"],["92079.20","0"],["92080.30","0"],["92080.80","0.005"],["92081.30","0.005"],["92082.20","0.163"],["92082.30","0"],["92082.40","0.285"],["92082.60","0.377"],["92082.70","0.001"],["92083.40","0.315"],["92084.00","1.277"],["92084.10","0.059"],["92084.20","0.050"],["92085.10","0.005"],["92088.80","0.005"],["92089.50","0"],["92089.60","0"],["92089.70","0"],["92089.90","0.030"],["92090.00","0.030"],["92091.60","0.002"],["92091.70","0"],["92093.40","0.054"],["92094.30","0"],["92094.50","0.079"],["92094.60","0.031"],["92096.70","1.817"],["92099.30","1.629"],["92100.80","0"],["92101.00","0.012"],["92102.70","0.098"],["92104.10","0"],["92104.40","0"],["92112.80","0.883"],["92112.90","0.853"],["92113.20","0.425"],["92119.20","0.317"],["92124.10","0.024"],["92131.10","0.002"],["92131.20","0"],["92131.30","0.002"],["92135.60","0"],["92143.80","0.001"],["92144.00","0.013"],["92144.10","0.461"],["92144.20","0.690"],["92144.30","0.001"],["92144.70","0.132"],["92144.90","0.016"],["92145.00","0.003"],["92145.40","0.002"],["92145.60","0.065"],["92145.80","0.076"],["92145.90","0.008"],["92146.00","0.189"],["92146.10","0.240"],["92146.50","0.002"],["92146.60","0.315"],["92146.80","0.014"],["92147.00","0.003"],["92147.10","0.195"]],"u":17050267,"seq":282093464992},"cts":1732665605182}
{"topic":"orderbook.500.BTCUSDT","type":"delta","ts":1732665605285,"data":{"s":"BTCUSDT","b":[["92039.10","3.964"],["92038.70","0"],["92037.60","0.008"],["92035.60","0"],["92033.40","0.012"],["92031.00","0.454"],["92030.80","0.016"],["92030.70","0.016"],["92029.70","0.262"],["92026.80","0.239"],["92026.20","0.033"],["92023.10","0.006"],["92022.50","0.227"],["92022.20","0.016"],["92021.80","0.031"],["92019.80","0.002"],["92018.40","0.097"],["92018.30","0.130"],["92017.80","0.001"],["92017.70","0.057"],["92016.60","0.063"],["92016.50","0.008"],["92016.20","1.455"],["92016.10","0.032"],["92015.70","0.006"],["92015.10","0.008"],["92014.50","0.001"],["92011.80","0.080"],["92010.30","2.906"],["92010.10","0"],["92008.30","0"],["92006.70","0"],["92006.40","0.108"],["92006.00","0.054"],["92005.90","0"],["92005.10","1.112"],["92002.80","1.631"],["92002.60","0"],["92001.60","0.001"],["92001.20","1.224"],["92001.00","0.001"],["91999.90","0"],["91994.30","0"],["91992.90","0"],["91992.50","0.007"],["91991.10","0"],["91990.10","0"],["91989.40","0.005"],["91988.20","0"],["91986.90","0.005"],["91986.50","0.135"],["91984.90","0.005"],["91984.40","0.026"],["91983.20","0.070"],["91979.50","0.098"],["91976.80","0.064"],["91976.30","0.002"],["91974.90","0"],["91972.90","0.011"],["91957.10","0.019"],["91953.00","0.013"],["91945.90","0.108"]],"a":[["92039.20","2.830"],["92039.30","0"],["92040.00","0.050"],["92041.90","0.609"],["92042.00","0.316"],["92042.90","0.001"],["92043.30","0.032"],["92044.00","0.093"],["92044.20","0"],["92044.40","0.016"],["92044.60","0.048"],["92044.70","0"],["92045.00","0.096"],["92045.20","0"],["92045.60","0.064"],["92045.80","0.017"],["92046.40","0.065"],["92047.10","0.128"],["92047.40","0.113"],["92047.70","0.054"],["92049.20","0.054"],["92050.80","0.071"],["92051.10","0.747"],["92051.40","0.060"],["92051.50","0.339"],["92052.80","0.116"],["92053.00","0.054"],["92053.20","0.054"],["92053.30","0.054"],["92053.50","0.536"],["92053.60","0.054"],["92053.70","0.054"],["92054.10","0.070"],["92055.80","0.054"],["92057.20","0.163"],["92058.30","0"],["92059.70","0.009"],["92060.10","0.221"],["92060.50","0.302"],["92061.20","0"],["92062.30","0.132"],["92062.60","0"],["92063.70","0.366"],["92066.00","0.103"],["92066.70","0.081"],["92067.20","0"],["92068.40","0.586"],["92068.50","0.384"],["92070.40","0.078"],["92071.50","0.065"],["92075.90","0.018"],["92080.80","0"],["92081.30","0"],["92082.60","0.376"],["92082.80","0.003"],["92084.00","0.055"],["92084.10","0.054"],["92085.10","1.222"],["92085.90","0.013"],["92086.50","0.010"],["92088.40","0.005"],["92088.80","0"],["92089.80","0.010"],["92089.90","0"],["92090.10","0.177"],["92091.60","0"],["92091.70","0.002"],["92091.80","0"],["92099.30","0"],["92099.80","1.629"],["92102.70","0"],["92105.50","0.098"],["92111.10","1.350"],["92124.10","0.011"],["92129.50","0"],["92130.90","0.002"],["92131.10","0"],["92146.50","0"],["92146.60","0"],["92146.80","0"],["92147.00","0"],["92147.10","0"]],"u":17050268,"seq":282093465634},"cts":1732665605282}
{"topic":"orderbook.500.BTCUSDT","type":"delta","ts":1732665605385,"data":{"s":"BTCUSDT","b":[["92039.10","3.672"],["92038.70","0.413"],["92038.00","0.086"],["92037.60","0.051"],["92031.00","0.827"],["92030.80","0.017"],["92029.70","1.687"],["92027.00","0.092"],["92026.80","0.245"],["92026.20","0.032"],["92024.00","0.255"],["92023.60","0.146"],["92023.20","0.048"],["92022.00","0.080"],["92021.80","0.001"],["92021.40","0.006"],["92021.10","0.041"],["92017.80","0"],["92017.70","0.056"],["92017.50","0.001"],["92017.40","0.001"],["92016.20","1.425"],["92016.10","0.002"],["92016.00","0.343"],["92015.60","0.030"],["92015.50","0.040"],["92013.80","2.420"],["92011.60","2.906"],["92010.30","0"],["92007.20","1.630"],["92007.00","0.002"],["92004.90","0.002"],["92002.80","0"],["92002.00","1.385"],["92001.80","0.002"],["92001.20","0.001"],["91994.50","0.322"],["91992.50","0.002"],["91992.10","0.007"],["91989.60","0.005"],["91989.40","0"],["91988.20","0.108"],["91987.80","0.111"],["91986.90","0.010"],["91986.50","0.130"],["91986.40","0.026"],["91984.90","0"],["91983.20","0.065"],["91980.20","0.005"],["91973.60","1.426"],["91973.30","0.176"],["91954.30","0"],["91941.70","0"],["91941.50","0"],["91941.00","0"],["91940.80","0"],["91940.70","0"],["91940.60","0"],["91940.50","0"],["91940.00","0"],["91939.30","0"],["91939.00","0"]],"a":[["92039.20","0.660"],["92039.30","0.055"],["92040.00","0"],["92041.90","0"],["92042.40","0"],["92042.90","0"],["92043.00","0"],["92044.00","0.050"],["92044.70","0.002"],["92044.80","0.065"],["92045.70","0.055"],["92046.00","0.978"],["92046.40","0.064"],["92047.40","0.059"],["92047.70","0"],["92049.20","0"],["92049.80","0.086"],["92050.40","0.124"],["92051.10","0.748"],["92052.20","0.055"],["92052.70","0.054"],["92053.70","0.108"],["92054.10","0.124"],["92055.80","0.108"],["92056.10","0.076"],["92064.40","0"],["92065.90","0"],["92068.20","0.056"],["92070.40","0.022"],["92070.90","0.007"],["92082.20","0.488"],["92082.70","0"],["92082.80","0.002"],["92083.40","0.316"],["92083.50","0.001"],["92083.70","0.056"],["92085.10","0"],["92085.50","0.005"],["92086.50","0.005"],["92086.80","0.005"],["92087.70","1.580"],["92088.00","0.105"],["92088.40","1.227"],["92089.80","0.005"],["92090.00","0"],["92090.10","0.147"],["92090.90","0.030"],["92091.00","0.030"],["92091.70","0"],["92094.60","0.001"],["92094.80","0.058"],["92095.60","0.285"],["92099.80","0"],["92100.10","1.629"],["92105.50","0"],["92108.80","0.098"],["92129.40","0"],["92129.50","0.002"],["92130.90","0"],["92131.10","0.002"],["92146.50","0.002"]],"u":17050269,"seq":282093466315},"cts":1732665605380}
{"topic":"orderbook.500.BTCUSDT","type":"delta","ts":1732665605485,"data":{"s":"BTCUSDT","b":[["92031.10","1.164"],["92025.20","0.130"],["92023.10","0"],["92022.00","0.070"],["92019.80","0"],["92018.60","0.078"],["92017.70","0"],["92017.10","0.036"],["92016.10","0.009"],["92015.70","0"],["92014.60","0.054"],["92014.10","0.098"],["92013.90","1.141"],["92013.80","2.474"],["92012.60","0.095"],["92012.10","0"],["92011.80","0.026"],["92010.70","0"],["92010.20","0.489"],["92010.00","0.055"],["92009.70","0"],["92009.20","0.054"],["92009.00","2.866"],["92008.90","1.142"],["92008.60","0"],["92008.30","0.054"],["92008.20","0.057"],["92008.00","0.051"],["92007.90","0.054"],["92007.80","1.682"],["92007.70","0"],["92007.60","0"],["92007.40","0.018"],["92007.20","0"],["92007.00","0"],["92006.80","1.425"],["92006.60","0.027"],["92006.40","0"],["92006.00","0"],["92005.80","0.747"],["92005.40","0"],["92005.00","0"],["92004.90","0"],["92003.30","0.002"],["92002.00","0.162"],["92001.80","0"],["92000.50","1.387"],["91989.90","0.005"],["91989.60","0"],["91987.90","0.059"],["91987.80","0.106"],["91986.90","0.005"],["91986.40","0.021"],["91984.90","0.005"],["91983.60","0.006"],["91980.20","0"],["91979.00","0.019"],["91957.10","0.100"],["91941.70","0.130"],["91941.50","0.001"],["91941.00","0.053"],["91940.80","0.001"],["91940.60","0.088"],["91940.50","0.046"],["91940.00","0.003"],["91939.30","0.368"],["91939.00","0.007"],["91938.80","0.151"],["91938.00","0.038"],["91937.80","0.378"],["91937.70","0.012"],["91937.50","0.076"]],"a":[["92039.20","0.345"],["92039.30","0.001"],["92042.00","0"],["92042.90","0.001"],["92043.20","0.414"],["92044.70","0"],["92045.70","0.001"],["92046.00","0.924"],["92046.20","0.054"],["92047.10","0.074"],["92049.80","0.032"],["92050.20","0.002"],["92050.40","0.070"],["92052.00","0.007"],["92052.20","0.001"],["92052.70","0"],["92054.70","0.309"],["92057.90","0.105"],["92064.20","0.114"],["92066.10","0.641"],["92068.00","0.047"],["92068.20","0"],["92069.50","0.161"],["92070.10","0.313"],["92071.40","0.057"],["92074.30","1.847"],["92081.40","0.229"],["92083.40","0"],["92083.50","0"],["92083.70","0.057"],["92083.80","0.001"],["92084.10","0.065"],["92085.00","0.006"],["92085.10","0.005"],["92085.50","0"],["92086.50","1.222"],["92087.90","0.010"],["92088.00","0.100"],["92088.40","0"],["92089.80","0"],["92090.00","0.005"],["92090.90","0"],["92091.10","0.030"],["92095.60","0.255"],["92095.90","0.030"],["92100.10","0"],["92101.80","1.629"],["92108.00","0.099"],["92108.80","0"],["92131.00","0.002"],["92131.10","0"],["92146.50","0"]],"u":17050270,"seq":282093467351},"cts":1732665605482}
{"topic":"orderbook.500.BTCUSDT","type":"delta","ts":1732665605586,"data":{"s":"BTCUSDT","b":[["92039.10","3.383"],["92038.00","0"],["92037.60","0.008"],["92036.00","0.093"],["92031.20","0.916"],["92031.00","0.016"],["92030.20","0.070"],["92030.00","0.033"],["92029.70","0.262"],["92025.20","0"],["92023.20","0.043"],["92022.90","0.051"],["92021.30","0.056"],["92018.60","0.022"],["92016.50","0.062"],["92016.10","0.002"],["92016.00","0.451"],["92015.70","0.054"],["92015.60","0.138"],["92015.50","0.094"],["92015.40","0.054"],["92015.20","0.054"],["92013.90","1.195"],["92013.80","2.528"],["92013.40","0.054"],["92013.20","0.133"],["92011.60","0"],["92011.50","2.570"],["92011.30","0.007"],["92008.90","1.144"],["92008.30","0.429"],["92007.80","0.052"],["92007.10","0.764"],["92005.10","1.785"],["92005.00","0.002"],["92004.20","1.631"],["92003.30","0"],["92000.50","0.164"],["91996.50","1.223"],["91988.30","0.007"],["91987.90","0.054"],["91986.60","0.005"],["91983.60","0.001"],["91982.90","0.099"],["91981.70","0.086"],["91979.50","0"],["91979.00","0.014"],["91957.10","0.084"],["91940.70","1.425"],["91940.50","0.043"],["91939.00","0"],["91938.80","0"],["91938.00","0"],["91937.80","0"],["91937.70","0"],["91937.50","0"]],"a":[["92039.20","4.705"],["92039.30","0"],["92040.00","0.093"],["92041.40","0.086"],["92042.10","0.493"],["92042.20","0.315"],["92042.40","0.043"],["92042.90","0"],["92043.00","0.043"],["92043.20","0"],["92043.90","0.001"],["92044.00","0.093"],["92044.80","0.151"],["92047.10","0.389"],["92047.40","0.066"],["92050.60","0.016"],["92052.00","0"],["92052.60","0.021"],["92053.70","0.054"],["92054.10","0.070"],["92055.80","0"],["92056.10","0.022"],["92060.50","0.303"],["92063.00","0"],["92066.10","0.597"],["92068.00","0.043"],["92070.10","0.309"],["92070.90","0.009"],["92071.40","0.056"],["92074.20","1.630"],["92085.00","0.001"],["92085.10","1.222"],["92086.50","0.010"],["92086.80","0"],["92087.90","0"],["92088.90","0.135"],["92090.00","0.010"],["92090.80","0.005"],["92091.80","0.002"],["92101.00","0.002"],["92104.90","0.011"],["92131.00","0"],["92131.20","0.002"],["92146.00","0"],["92146.10","0"]],"u":17050271,"seq":282093468152},"cts":1732665605583}
{"topic":"orderbook.500.BTCUSDT","type":"delta","ts":1732665605686,"data":{"s":"BTCUSDT","b":[["92039.10","2.796"],["92031.80","0.018"],["92030.80","0.016"],["92030.20","0.064"],["92029.70","0.132"],["92026.80","0.225"],["92026.20","0.033"],["92025.60","1.008"],["92024.90","0.013"],["92024.40","0.118"],["92021.40","0"],["92021.30","0"],["92017.70","0.056"],["92017.50","0"],["92017.40","0"],["92017.10","0.037"],["92017.00","0.001"],["92016.00","0.321"],["92015.70","0.060"],["92013.80","1.452"],["92011.50","2.568"],["92011.30","0"],["92010.80","0.016"],["92008.90","1.142"],["92007.60","0.015"],["92007.10","0.762"],["92007.00","0.002"],["92005.00","0"],["92004.20","0"],["91999.00","1.631"],["91996.50","0"],["91991.80","1.223"],["91988.40","0.005"],["91988.30","0.002"],["91986.50","0.135"],["91984.90","0"],["91982.90","0.001"],["91981.70","0.081"],["91981.30","0.005"],["91980.10","0.479"],["91972.50","0.015"],["91969.20","0.005"],["91957.90","0.445"],["91957.10","0.031"],["91939.30","0"]],"a":[["92039.20","5.369"],["92040.40","0.315"],["92041.00","0.315"],["92046.00","0.637"],["92046.40","0.065"],["92047.10","0.074"],["92047.40","0.059"],["92048.60","1.451"],["92050.90","0.070"],["92051.10","0.747"],["92051.30","0.108"],["92053.10","0.403"],["92053.20","0.108"],["92053.30","0.108"],["92056.50","0.057"],["92059.40","0.057"],["92062.30","0.254"],["92063.60","0.004"],["92064.20","0.110"],["92065.20","0.143"],["92065.60","0.048"],["92066.20","0.109"],["92066.60","0"],["92067.80","0.003"],["92068.80","1.429"],["92068.90","0.164"],["92069.50","0.103"],["92070.90","0.007"],["92071.40","0"],["92072.40","0"],["92073.30","0.320"],["92074.30","1.843"],["92080.80","1.222"],["92082.50","0.683"],["92082.70","0.315"],["92085.10","0"],["92085.50","0.005"],["92086.50","0.005"],["92087.90","0.005"],["92090.00","0.005"],["92090.80","0"],["92090.90","0.005"],["92091.80","0"],["92095.20","1.629"],["92101.80","0"],["92119.20","0.002"],["92131.00","0.002"],["92131.20","0"],["92145.40","0"],["92145.60","0"],["92145.80","0"],["92145.90","0"]],"u":17050272,"seq":282093468322},"cts":1732665605683}
